Row ID,Order ID,Order Date,Ship Date,Ship Mode,Customer ID,Customer Name,Segment,Country,City,State,Postal Code,Region,Product ID,Category,Sub-Category,Product Name,Sales,Quantity,Discount,Profit
4,US-2015-108966,10-11-2015,10/18/2015,Standard Class,SO-20335,Sean O'Donnell,Consumer,United States,Fort Lauderdale,Florida,33311,South,FUR-TA-10000577,Furniture,Tables,Bretford CR4500 Series Slim Rectangular Table,957.5775,0,0.45,-383.031
6,CA-2014-115812,06-09-2014,6/14/2014,Standard Class,,Brosina Hoffman,Consumer,United States,Los Angeles,California,90032,West,FUR-FU-10001487,Furniture,Furnishings,"Eldon Expressions Wood and Plastic Desk Accessories, Cherry Wood",48.86,7,0.0,14.1694
8,CA-2014-115812,06-09-2014,6/14/2014,Standard Class,BH-11710,Brosina Hoffman,Consumer,United States,Los Angeles,California,90032,West,TEC-PH-10002275,Technology,Phones,Mitel 5320 IP Phone VoIP phone,907.152,0,0.2,90.7152
11,CA-2014-115812,06-09-2014,6/14/2014,Standard Class,BH-11710,Brosina Hoffman,Consumer,United States,Los Angeles,California,90032,West,FUR-TA-10001539,Furniture,Tables,Chromcraft Rectangular Conference Tables,0.0,9,0.2,85.3092
15,US-2015-118983,11/22/2015,11/26/2015,Standard Class,HP-14815,Harold Pawlan,Home Office,United States,Fort Worth,Texas,76106,Central,OFF-AP-10002311,Office Supplies,Appliances,"Holmes Replacement Filter for HEPA Air Cleaner, Very Large Room, HEPA Filter",68.81,5,0.8,-123.858
16,US-2015-118983,11/22/2015,11/26/2015,Standard Class,HP-14815,Harold Pawlan,Home Office,United States,Fort Worth,Texas,76106,Central,OFF-BI-10000756,Office Supplies,Binders,Storex DuraTech Recycled Plastic Frosted Binders,2.544,3,0.8,-3.816
19,CA-2014-143336,8/27/2014,09-01-2014,Second Class,ZD-21925,Zuschuss Donatelli,Consumer,United States,San Francisco,California,94109,West,OFF-AR-10003056,Office Supplies,Art,Newell 341,0.0,2,0.0,2.4824
24,US-2017-156909,7/16/2017,7/18/2017,Second Class,SF-20065,Sandra Flanagan,Consumer,United States,Philadelphia,Pennsylvania,19140,East,FUR-CH-10002774,Furniture,Chairs,"Global Deluxe Stacking Chair, Gray",0.0,2,0.3,-1.0196
26,CA-2016-121755,1/16/2016,1/20/2016,Second Class,,Eric Hoffmann,Consumer,United States,Los Angeles,California,90049,West,OFF-BI-10001634,Office Supplies,Binders,Wilson Jones Active Use Binders,11.648,2,0.2,4.2224
29,US-2015-150630,9/17/2015,9/21/2015,Standard Class,TB-21520,Tracy Blumstein,Consumer,United States,Philadelphia,Pennsylvania,19140,East,OFF-BI-10000474,Office Supplies,Binders,Avery Recycled Flexi-View Covers for Binding Systems,9.618,2,0.7,-7.0532
33,US-2015-150630,9/17/2015,9/21/2015,Standard Class,TB-21520,Tracy Blumstein,Consumer,United States,Philadelphia,Pennsylvania,19140,East,OFF-BI-10001525,Office Supplies,Binders,"Acco Pressboard Covers with Storage Hooks, 14 7/8"" x 11"", Executive Red",0.0,6,0.7,-5.715
37,CA-2016-117590,12-08-2016,12-10-2016,First Class,GH-14485,Gene Hale,Corporate,United States,Richardson,Texas,75080,Central,FUR-FU-10003664,Furniture,Furnishings,"Electrix Architect's Clamp-On Swing Arm Lamp, Black",190.92,5,0.6,-147.963
60,CA-2016-111682,6/17/2016,6/18/2016,First Class,,Ted Butterfield,Consumer,United States,Troy,New York,12180,East,TEC-AC-10002167,Technology,Accessories,Imation 8gb Micro Traveldrive Usb 2.0 Flash Drive,30.0,2,0.0,3.3
64,CA-2015-135545,11/24/2015,11/30/2015,Standard Class,KM-16720,Kunst Miller,Consumer,United States,Los Angeles,California,90004,West,OFF-BI-10001078,Office Supplies,Binders,"Acco PRESSTEX Data Binder with Storage Hooks, Dark Blue, 14 7/8"" X 11""",25.824,0,0.2,9.3612
76,US-2017-118038,12-09-2017,12-11-2017,First Class,KB-16600,Ken Brennan,Corporate,United States,Houston,Texas,77041,Central,OFF-BI-10004182,Office Supplies,Binders,Economy Binders,1.248,3,0.8,-1.9344
77,US-2017-118038,12-09-2017,12-11-2017,First Class,KB-16600,Ken Brennan,Corporate,United States,Houston,Texas,77041,Central,FUR-FU-10000260,Furniture,Furnishings,"6"" Cubicle Wall Clock, Black",9.708,3,0.6,-5.8248
79,US-2014-147606,11/26/2014,12-01-2014,Second Class,JE-15745,Joel Eaton,Consumer,United States,Houston,Texas,77070,Central,FUR-FU-10003194,Furniture,Furnishings,"Eldon Expressions Desk Accessory, Wood Pencil Holder, Oak",19.3,5,0.6,-14.475
89,CA-2016-159695,04-05-2016,04-10-2016,Second Class,GM-14455,Gary Mitchum,Home Office,United States,Houston,Texas,77095,Central,OFF-ST-10003442,Office Supplies,Storage,Eldon Portable Mobile Manager,158.368,0,0.2,13.8572
96,US-2017-109484,11-06-2017,11-12-2017,Standard Class,RB-19705,Roger Barcio,Home Office,United States,Portland,Oregon,97206,West,OFF-BI-10004738,Office Supplies,Binders,Flexible Leather- Look Classic Collection Ring Binder,5.682,1,0.7,-3.788
102,CA-2016-158568,8/29/2016,09-02-2016,Standard Class,RB-19465,Rick Bensley,Home Office,United States,Chicago,Illinois,60610,Central,OFF-BI-10002609,Office Supplies,Binders,Avery Hidden Tab Dividers for Binding Systems,1.788,3,0.8,-3.0396
105,US-2015-156867,11/13/2015,11/17/2015,Standard Class,LC-16870,Lena Cacioppo,Consumer,United States,Aurora,Colorado,80013,West,FUR-FU-10004006,Furniture,Furnishings,"Deflect-o DuraMat Lighweight, Studded, Beveled Mat for Low Pile Carpeting",0.0,3,0.2,-3.8385
106,US-2015-156867,11/13/2015,11/17/2015,Standard Class,LC-16870,Lena Cacioppo,Consumer,United States,Aurora,Colorado,80013,West,OFF-BI-10002794,Office Supplies,Binders,"Avery Trapezoid Ring Binder, 3"" Capacity, Black, 1040 sheets",36.882,3,0.7,-25.8174
112,CA-2016-128867,11-03-2016,11-10-2016,Standard Class,CL-12565,Clay Ludtke,Consumer,United States,Urbandale,Iowa,50322,Central,OFF-AR-10000380,Office Supplies,Art,"Hunt PowerHouse Electric Pencil Sharpener, Blue",0.0,2,0.0,22.788
114,CA-2014-115259,8/25/2014,8/27/2014,Second Class,RC-19960,Ryan Crowe,Consumer,United States,Columbus,Ohio,43229,East,OFF-FA-10000621,Office Supplies,Fasteners,"OIC Colored Binder Clips, Assorted Sizes",40.096,14,1.0,14.5348
119,US-2015-136476,04-05-2015,04-10-2015,Standard Class,GG-14650,Greg Guthrie,Corporate,United States,Bristol,Tennessee,37620,South,OFF-BI-10003650,Office Supplies,Binders,GBC DocuBind 300 Electric Binding Machine,157.794,1,0.7,-115.7156
127,US-2017-107272,11-05-2017,11-12-2017,Standard Class,TS-21610,Troy Staebel,Consumer,United States,Phoenix,Arizona,85023,West,OFF-BI-10003274,Office Supplies,Binders,"Avery Durable Slant Ring Binders, No Labels",2.388,2,0.7,-1.8308
158,CA-2014-104269,03-01-2014,03-06-2014,Second Class,DB-13060,Dave Brooks,Consumer,United States,Seattle,Washington,98115,West,FUR-CH-10004063,Furniture,Chairs,Global Deluxe High-Back Manager's Chair,0.0,2,0.2,51.4764
170,CA-2014-139892,09-08-2014,09-12-2014,Standard Class,BM-11140,Becky Martin,Consumer,United States,San Antonio,Texas,78207,Central,OFF-AP-10002518,Office Supplies,Appliances,Kensington 7 Outlet MasterPiece Power Center,177.98,5,0.8,-453.849
175,US-2014-100853,9/14/2014,9/19/2014,Standard Class,JB-15400,Jennifer Braxton,Corporate,United States,Chicago,Illinois,60623,Central,OFF-AP-10000891,Office Supplies,Appliances,Kensington 7 Outlet MasterPiece HOMEOFFICE Power Control Center,52.448,2,0.8,-131.12
177,US-2017-152366,4/21/2017,4/25/2017,Second Class,SJ-20500,Shirley Jackson,Consumer,United States,Houston,Texas,77036,Central,OFF-AP-10002684,Office Supplies,Appliances,"Acco 7-Outlet Masterpiece Power Center, Wihtout Fax/Phone Line Protection",97.264,4,0.8,-243.16
199,US-2017-124303,07-06-2017,7/13/2017,Standard Class,FH-14365,Fred Hopkins,Corporate,United States,Philadelphia,Pennsylvania,19120,East,OFF-BI-10000343,Office Supplies,Binders,"Pressboard Covers with Storage Hooks, 9 1/2"" x 11"", Light Blue",2.946,2,0.7,-2.2586
204,US-2017-116701,12/17/2017,12/21/2017,Second Class,LC-17140,Logan Currie,Consumer,United States,Dallas,Texas,75220,Central,OFF-AP-10003217,Office Supplies,Appliances,Eureka Sanitaire  Commercial Upright,66.284,2,0.8,-178.9668
211,CA-2017-135860,12-01-2017,12-07-2017,Standard Class,JH-15985,Joseph Holt,Consumer,United States,Saginaw,Michigan,48601,Central,OFF-ST-10001522,Office Supplies,Storage,"Gould Plastics 18-Pocket Panel Bin, 34w x 5-1/4d x 20-1/2h",91.99,0,0.0,3.6796
216,CA-2015-146262,01-02-2015,01-09-2015,Standard Class,VW-21775,Victoria Wilson,Corporate,United States,Medina,Ohio,44256,East,TEC-MA-10000864,Technology,Machines,Cisco 9971 IP Video Phone Charcoal,0.0,9,0.7,-950.4
217,CA-2015-146262,01-02-2015,01-09-2015,Standard Class,,Victoria Wilson,Corporate,United States,Medina,Ohio,44256,East,TEC-AC-10000109,Technology,Accessories,Sony Micro Vault Click 16 GB USB 2.0 Flash Drive,89.584,2,0.2,4.4792
222,CA-2015-169397,12/24/2015,12/27/2015,First Class,JB-15925,Joni Blumstein,Consumer,United States,Dublin,Ohio,43017,East,OFF-BI-10002852,Office Supplies,Binders,Ibico Standard Transparent Covers,19.776,4,0.7,-13.8432
224,CA-2015-169397,12/24/2015,12/27/2015,First Class,JB-15925,Joni Blumstein,Consumer,United States,Dublin,Ohio,43017,East,TEC-MA-10001148,Technology,Machines,Swingline SM12-08 MicroCut Jam Free Shredder,479.988,4,0.7,-383.9904
231,US-2014-156216,9/13/2014,9/17/2014,Standard Class,EA-14035,Erin Ashbrook,Corporate,United States,Charlotte,North Carolina,28205,South,OFF-BI-10001679,Office Supplies,Binders,GBC Instant Index System for Binding Systems,18.648,7,0.7,-12.432
234,US-2017-100930,04-07-2017,04-12-2017,Standard Class,CS-12400,Christopher Schild,Home Office,United States,Tampa,Florida,33614,South,OFF-BI-10001679,Office Supplies,Binders,GBC Instant Index System for Binding Systems,5.328,2,0.7,-3.552
239,CA-2016-157749,06-04-2016,06-09-2016,Second Class,KL-16645,Ken Lonsdale,Consumer,United States,Chicago,Illinois,60610,Central,FUR-FU-10000576,Furniture,Furnishings,Luxo Professional Fluorescent Magnifier Lamp with Clamp-Mount Base,419.68,5,0.6,-356.728
240,CA-2016-157749,06-04-2016,06-09-2016,Second Class,KL-16645,Ken Lonsdale,Consumer,United States,Chicago,Illinois,60610,Central,FUR-FU-10004351,Furniture,Furnishings,Staple-based wall hangings,11.688,3,0.6,-4.6752
243,CA-2016-157749,06-04-2016,06-09-2016,Second Class,KL-16645,Ken Lonsdale,Consumer,United States,Chicago,Illinois,60610,Central,FUR-FU-10002505,Furniture,Furnishings,Eldon 100 Class Desk Accessories,4.044,3,0.6,-2.8308
255,US-2015-159982,11/28/2015,12-04-2015,Standard Class,DR-12880,Dan Reichenbach,Corporate,United States,Chicago,Illinois,60623,Central,FUR-FU-10002505,Furniture,Furnishings,Eldon 100 Class Desk Accessories,12.132,9,0.6,-8.4924
258,US-2015-159982,11/28/2015,12-04-2015,Standard Class,DR-12880,Dan Reichenbach,Corporate,United States,Chicago,Illinois,60623,Central,TEC-PH-10001580,Technology,Phones,Logitech Mobile Speakerphone P710e - speaker phone,647.904,0,0.2,56.6916
262,US-2017-155299,06-08-2017,06-12-2017,Standard Class,Dl-13600,Dorris liebe,Corporate,United States,Pasadena,Texas,77506,Central,OFF-AP-10002203,Office Supplies,Appliances,Eureka Disposable Bags for Sanitaire Vibra Groomer I Upright Vac,1.624,2,0.8,-4.466
281,US-2015-161991,9/26/2015,9/28/2015,Second Class,SC-20725,Steven Cartwright,Consumer,United States,Houston,Texas,77070,Central,OFF-BI-10004967,Office Supplies,Binders,Round Ring Binders,2.08,5,0.8,-3.432
287,CA-2016-112697,12/18/2016,12/20/2016,Second Class,AH-10195,Alan Haines,Corporate,United States,Tamarac,Florida,33319,South,OFF-BI-10000778,Office Supplies,Binders,GBC VeloBinder Electric Binding Machine,254.058,7,0.7,-169.372
288,CA-2016-112697,12/18/2016,12/20/2016,Second Class,AH-10195,Alan Haines,Corporate,United States,Tamarac,Florida,33319,South,OFF-AP-10002684,Office Supplies,Appliances,"Acco 7-Outlet Masterpiece Power Center, Wihtout Fax/Phone Line Protection",0.0,2,0.2,24.316
297,CA-2014-111451,12/26/2014,12/28/2014,First Class,KL-16555,Kelly Lampkin,Corporate,United States,Colorado Springs,Colorado,80906,West,OFF-BI-10004593,Office Supplies,Binders,Ibico Laser Imprintable Binding System Covers,78.6,5,0.7,-62.88
319,CA-2014-164973,11-04-2014,11-09-2014,Standard Class,NM-18445,Nathan Mautz,Home Office,United States,New York City,New York,10024,East,TEC-MA-10002927,Technology,Machines,Canon imageCLASS MF7460 Monochrome Digital Laser Multifunction Copier,3991.98,0,0.0,1995.99
331,US-2016-141544,8/30/2016,09-01-2016,First Class,PO-18850,Patrick O'Brill,Consumer,United States,Philadelphia,Pennsylvania,19143,East,OFF-BI-10001524,Office Supplies,Binders,GBC Premium Transparent Covers with Diagonal Lined Pattern,37.764,6,0.7,-27.6936
333,US-2016-150147,4/25/2016,4/29/2016,Second Class,JL-15850,John Lucas,Consumer,United States,Philadelphia,Pennsylvania,19134,East,OFF-BI-10001153,Office Supplies,Binders,Ibico Recycled Grain-Textured Covers,20.724,2,0.7,-13.816
334,US-2016-150147,4/25/2016,4/29/2016,Second Class,JL-15850,John Lucas,Consumer,United States,Philadelphia,Pennsylvania,19134,East,OFF-BI-10001982,Office Supplies,Binders,Wilson Jones Custom Binder Spines & Labels,4.896,3,0.7,-3.4272
342,CA-2014-122336,4/13/2014,4/17/2014,Second Class,JD-15895,Jonathan Doherty,Corporate,United States,Philadelphia,Pennsylvania,19140,East,OFF-BI-10003656,Office Supplies,Binders,Fellowes PB200 Plastic Comb Binding Machine,509.97,10,0.7,-407.976
373,US-2014-119137,7/23/2014,7/27/2014,Standard Class,AG-10900,Arthur Gainer,Consumer,United States,Tucson,Arizona,85705,West,OFF-BI-10001982,Office Supplies,Binders,Wilson Jones Custom Binder Spines & Labels,8.16,5,0.7,-5.712
379,CA-2015-130792,4/28/2015,05-05-2015,Standard Class,RA-19915,Russell Applegate,Consumer,United States,Houston,Texas,77095,Central,OFF-AP-10000696,Office Supplies,Appliances,Holmes Odor Grabber,8.652,3,0.8,-20.3322
381,CA-2015-130792,4/28/2015,05-05-2015,Standard Class,RA-19915,Russell Applegate,Consumer,United States,Houston,Texas,77095,Central,OFF-BI-10000309,Office Supplies,Binders,"GBC Twin Loop Wire Binding Elements, 9/16"" Spine, Black",12.176,4,0.8,-18.8728
387,CA-2015-122756,12-03-2015,12-07-2015,Standard Class,DK-13225,Dean Katz,Corporate,United States,Philadelphia,Pennsylvania,19140,East,TEC-MA-10001681,Technology,Machines,Lexmark MarkNet N8150 Wireless Print Server,482.34,4,0.7,-337.638
394,US-2014-134971,06-07-2014,06-10-2014,Second Class,BP-11095,Bart Pistole,Corporate,United States,Peoria,Illinois,61604,Central,OFF-BI-10003982,Office Supplies,Binders,Wilson Jones Century Plastic Molded Ring Binders,12.462,3,0.8,-20.5623
430,US-2016-123750,4/15/2016,4/21/2016,Standard Class,RB-19795,Ross Baird,Home Office,United States,Gastonia,North Carolina,28052,South,OFF-BI-10004584,Office Supplies,Binders,GBC ProClick 150 Presentation Binding System,189.588,2,0.7,-145.3508
435,US-2014-150574,12/19/2014,12/25/2014,Standard Class,MK-18160,Mike Kennedy,Consumer,United States,Jacksonville,Florida,32216,South,OFF-BI-10000773,Office Supplies,Binders,Insertable Tab Post Binder Dividers,4.812,2,0.7,-3.6892
465,CA-2016-109869,4/22/2016,4/29/2016,Standard Class,TN-21040,Tanja Norvell,Home Office,United States,Phoenix,Arizona,85023,West,OFF-BI-10000315,Office Supplies,Binders,Poly Designer Cover & Back,28.485,5,0.7,-20.889
468,US-2015-101399,1/17/2015,1/24/2015,Standard Class,JS-15940,Joni Sundaresam,Home Office,United States,Park Ridge,Illinois,60068,Central,FUR-FU-10002918,Furniture,Furnishings,Eldon ClusterMat Chair Mat with Cordless Antistatic Protection,254.744,7,0.6,-312.0614
470,US-2016-100419,12/16/2016,12/20/2016,Second Class,CC-12670,Craig Carreira,Consumer,United States,Chicago,Illinois,60610,Central,OFF-BI-10002194,Office Supplies,Binders,Cardinal Hold-It CD Pocket,4.788,3,0.8,-7.9002
501,US-2016-105578,5/30/2016,06-04-2016,Standard Class,MY-17380,Maribeth Yedwab,Corporate,United States,Parker,Colorado,80134,West,OFF-BI-10001670,Office Supplies,Binders,Vinyl Sectional Post Binders,22.62,2,0.7,-15.08
502,US-2016-105578,5/30/2016,06-04-2016,Standard Class,MY-17380,Maribeth Yedwab,Corporate,United States,Parker,Colorado,80134,West,OFF-BI-10001658,Office Supplies,Binders,GBC Standard Therm-A-Bind Covers,14.952,2,0.7,-11.9616
503,US-2016-105578,5/30/2016,06-04-2016,Standard Class,MY-17380,Maribeth Yedwab,Corporate,United States,Parker,Colorado,80134,West,FUR-CH-10001215,Furniture,Chairs,Global Troy Executive Leather Low-Back Tilter,0.0,2,0.2,50.098
504,US-2016-105578,5/30/2016,06-04-2016,Standard Class,MY-17380,Maribeth Yedwab,Corporate,United States,Parker,Colorado,80134,West,OFF-BI-10000831,Office Supplies,Binders,Storex Flexible Poly Binders with Double Pockets,2.376,3,0.7,-1.9008
522,CA-2015-157812,3/22/2015,3/26/2015,Standard Class,DB-13210,Dean Braden,Consumer,United States,Houston,Texas,77041,Central,OFF-BI-10000285,Office Supplies,Binders,XtraLife ClearVue Slant-D Ring Binders by Cardinal,14.112,9,0.8,-21.168
537,US-2017-122637,09-03-2017,09-08-2017,Second Class,EP-13915,Emily Phan,Consumer,United States,Chicago,Illinois,60653,Central,OFF-BI-10002429,Office Supplies,Binders,"Premier Elliptical Ring Binder, Black",42.616,7,0.8,-68.1856
546,CA-2014-103849,05-11-2014,5/16/2014,Standard Class,PG-18895,Paul Gonzalez,Consumer,United States,Fort Worth,Texas,76106,Central,FUR-FU-10000723,Furniture,Furnishings,"Deflect-o EconoMat Studded, No Bevel Mat for Low Pile Carpeting",66.112,4,0.6,-84.2928
550,CA-2015-113173,11/15/2015,11/17/2015,Second Class,DK-13225,Dean Katz,Corporate,United States,Chicago,Illinois,60653,Central,OFF-BI-10004738,Office Supplies,Binders,Flexible Leather- Look Classic Collection Ring Binder,11.364,3,0.8,-17.046
554,CA-2017-101945,11/24/2017,11/28/2017,Standard Class,,Greg Tran,Consumer,United States,Houston,Texas,77070,Central,OFF-FA-10004248,Office Supplies,Fasteners,Advantus T-Pin Paper Clips,10.824,3,0.2,2.5707
580,CA-2017-118640,7/20/2017,7/26/2017,Standard Class,CS-11950,Carlos Soltero,Consumer,United States,Chicago,Illinois,60610,Central,FUR-FU-10001475,Furniture,Furnishings,"Contract Clock, 14"", Brown",8.792,1,0.6,-5.7148
585,CA-2017-145233,12-01-2017,12-05-2017,Standard Class,DV-13465,Dianna Vittorini,Consumer,United States,Denver,Colorado,80219,West,OFF-BI-10002764,Office Supplies,Binders,Recycled Pressboard Report Cover with Reinforced Top Hinge,6.783,7,0.7,-4.7481
591,US-2016-156986,3/20/2016,3/24/2016,Standard Class,ZC-21910,Zuschuss Carroll,Consumer,United States,Salem,Oregon,97301,West,OFF-BI-10002498,Office Supplies,Binders,Clear Mylar Reinforcing Strips,16.821,3,0.7,-12.8961
605,CA-2014-149958,3/15/2014,3/19/2014,Standard Class,AS-10240,Alan Shonely,Consumer,United States,Tampa,Florida,33614,South,OFF-BI-10000773,Office Supplies,Binders,Insertable Tab Post Binder Dividers,7.218,3,0.7,-5.5338
606,CA-2014-149958,3/15/2014,3/19/2014,Standard Class,AS-10240,Alan Shonely,Consumer,United States,Tampa,Florida,33614,South,OFF-BI-10001543,Office Supplies,Binders,GBC VeloBinder Manual Binding System,43.188,4,0.7,-31.6712
608,US-2014-105767,5/23/2014,5/27/2014,Standard Class,AR-10510,Andrew Roberts,Consumer,United States,Philadelphia,Pennsylvania,19134,East,OFF-BI-10000848,Office Supplies,Binders,Angle-D Ring Binders,3.282,2,0.7,-2.6256
616,CA-2017-138611,11/14/2017,11/17/2017,Second Class,CK-12595,Clytie Kelty,Consumer,United States,Grove City,Ohio,43123,East,OFF-BI-10002949,Office Supplies,Binders,Prestige Round Ring Binders,3.648,2,0.7,-2.7968
622,US-2014-111171,12/26/2014,12/31/2014,Standard Class,CA-12265,Christina Anderson,Consumer,United States,Chicago,Illinois,60610,Central,OFF-BI-10002103,Office Supplies,Binders,"Cardinal Slant-D Ring Binder, Heavy Gauge Vinyl",8.69,5,0.8,-14.773
637,US-2016-123470,8/15/2016,8/21/2016,Standard Class,ME-17725,Max Engle,Consumer,United States,Aurora,Colorado,80013,West,OFF-BI-10001989,Office Supplies,Binders,Premium Transparent Presentation Covers by GBC,18.882,3,0.7,-13.8468
656,CA-2016-137239,8/22/2016,8/28/2016,Standard Class,CR-12730,Craig Reiter,Consumer,United States,Columbus,Ohio,43229,East,OFF-BI-10002827,Office Supplies,Binders,Avery Durable Poly Binders,3.318,2,0.7,-2.6544
659,US-2016-156097,9/19/2016,9/19/2016,Same Day,EH-14125,Eugene Hildebrand,Home Office,United States,Aurora,Illinois,60505,Central,OFF-BI-10004654,Office Supplies,Binders,Avery Binding System Hidden Tab Executive Style Index Sets,2.308,2,0.8,-3.462
663,CA-2015-146563,8/24/2015,8/28/2015,Standard Class,CB-12025,Cassandra Brandow,Consumer,United States,Arlington,Texas,76017,Central,OFF-BI-10003981,Office Supplies,Binders,"Avery Durable Plastic 1"" Binders",2.724,3,0.8,-4.2222
669,CA-2014-156314,12/24/2014,12/26/2014,First Class,RP-19390,Resi Pölking,Consumer,United States,Cleveland,Ohio,44105,East,FUR-FU-10003096,Furniture,Furnishings,"Master Giant Foot Doorstop, Safety Yellow",30.36,0,0.2,8.7285
670,US-2017-106663,06-09-2017,6/13/2017,Standard Class,MO-17800,Meg O'Connel,Home Office,United States,Chicago,Illinois,60653,Central,FUR-FU-10002759,Furniture,Furnishings,12-1/2 Diameter Round Wall Clock,23.976,3,0.6,-14.3856
677,US-2017-119438,3/18/2017,3/23/2017,Standard Class,CD-11980,Carol Darley,Consumer,United States,Tyler,Texas,75701,Central,OFF-AP-10000804,Office Supplies,Appliances,Hoover Portapower Portable Vacuum,2.688,3,0.8,-7.392
679,US-2017-119438,3/18/2017,3/23/2017,Standard Class,CD-11980,Carol Darley,Consumer,United States,Tyler,Texas,75701,Central,FUR-FU-10003553,Furniture,Furnishings,"Howard Miller 13-1/2"" Diameter Rosebrook Wall Clock",82.524,3,0.6,-41.262
680,US-2017-119438,3/18/2017,3/23/2017,Standard Class,CD-11980,Carol Darley,Consumer,United States,Tyler,Texas,75701,Central,OFF-BI-10004632,Office Supplies,Binders,Ibico Hi-Tech Manual Binding System,182.994,3,0.8,-320.2395
700,CA-2015-119291,5/14/2015,5/17/2015,First Class,JO-15550,Jesus Ocampo,Home Office,United States,Chester,Pennsylvania,19013,East,OFF-BI-10001575,Office Supplies,Binders,GBC Linen Binding Covers,18.588,2,0.7,-13.6312
701,CA-2015-119291,5/14/2015,5/17/2015,First Class,JO-15550,Jesus Ocampo,Home Office,United States,Chester,Pennsylvania,19013,East,OFF-BI-10001982,Office Supplies,Binders,Wilson Jones Custom Binder Spines & Labels,4.896,3,0.7,-3.4272
742,CA-2014-112326,01-04-2014,01-08-2014,Standard Class,PO-19195,Phillina Ober,Home Office,United States,Naperville,Illinois,60540,Central,OFF-BI-10004094,Office Supplies,Binders,GBC Standard Plastic Binding Systems Combs,3.54,2,0.8,-5.487
782,US-2015-157014,10-03-2015,10-06-2015,Second Class,BM-11785,Bryan Mills,Consumer,United States,Columbus,Ohio,43229,East,OFF-BI-10001098,Office Supplies,Binders,Acco D-Ring Binder w/DublLock,32.07,5,0.7,-22.449
819,CA-2014-140858,6/28/2014,07-02-2014,Standard Class,CA-12775,Cynthia Arntzen,Consumer,United States,Philadelphia,Pennsylvania,19140,East,OFF-BI-10003094,Office Supplies,Binders,Self-Adhesive Ring Binder Labels,3.168,3,0.7,-2.4288
821,CA-2014-140858,6/28/2014,07-02-2014,Standard Class,CA-12775,Cynthia Arntzen,Consumer,United States,Philadelphia,Pennsylvania,19140,East,OFF-BI-10004230,Office Supplies,Binders,GBC Recycled Grain Textured Covers,31.086,3,0.7,-22.7964
837,US-2014-115987,09-08-2014,9/13/2014,Second Class,LH-17020,Lisa Hazard,Consumer,United States,Tyler,Texas,75701,Central,OFF-BI-10001071,Office Supplies,Binders,GBC ProClick Punch Binding System,51.184,4,0.8,-79.3352
869,CA-2014-136742,04-06-2014,04-10-2014,Standard Class,GP-14740,Guy Phonely,Corporate,United States,Lancaster,Pennsylvania,17602,East,OFF-BI-10003719,Office Supplies,Binders,Large Capacity Hanging Post Binders,44.91,6,0.7,-35.928
870,CA-2016-158099,09-03-2016,09-05-2016,First Class,PK-18910,Paul Knutson,Home Office,United States,Philadelphia,Pennsylvania,19143,East,OFF-BI-10000545,Office Supplies,Binders,GBC Ibimaster 500 Manual ProClick Binding System,1141.47,5,0.7,-760.98
876,CA-2016-116736,1/17/2016,1/21/2016,Standard Class,,Chuck Clark,Home Office,United States,Concord,New Hampshire,3301,East,FUR-FU-10004017,Furniture,Furnishings,"Tenex Contemporary Contur Chairmats for Low and Medium Pile Carpet, Computer, 39"" x 49""",322.59,3,0.0,64.518
879,US-2014-158638,9/17/2014,9/21/2014,Standard Class,AG-10765,Anthony Garverick,Home Office,United States,Philadelphia,Pennsylvania,19120,East,OFF-BI-10003712,Office Supplies,Binders,"Acco Pressboard Covers with Storage Hooks, 14 7/8"" x 11"", Light Blue",5.892,4,0.7,-4.1244
900,US-2016-114622,04-10-2016,04-12-2016,First Class,JR-16210,Justin Ritter,Corporate,United States,Springfield,Ohio,45503,East,OFF-BI-10004716,Office Supplies,Binders,Wilson Jones Hanging Recycled Pressboard Data Binders,8.904,2,0.7,-6.5296
902,CA-2017-150959,11-11-2017,11/13/2017,First Class,TD-20995,Tamara Dahlen,Consumer,United States,Garland,Texas,75043,Central,OFF-BI-10001510,Office Supplies,Binders,Deluxe Heavy-Duty Vinyl Round Ring Binder,18.336,4,0.8,-32.088
907,CA-2017-143259,12/30/2017,01-03-2018,Standard Class,PO-18865,Patrick O'Donnell,Consumer,United States,New York City,New York,10009,East,FUR-BO-10003441,Furniture,Bookcases,"Bush Westfield Collection Bookcases, Fully Assembled",0.0,4,0.2,12.1176
918,US-2014-141215,6/15/2014,6/21/2014,Standard Class,KL-16555,Kelly Lampkin,Corporate,United States,San Antonio,Texas,78207,Central,OFF-BI-10002706,Office Supplies,Binders,Avery Premier Heavy-Duty Binder with Round Locking Rings,8.568,3,0.8,-14.5656
935,CA-2016-140081,6/20/2016,6/24/2016,Standard Class,CG-12040,Catherine Glotzbach,Home Office,United States,Philadelphia,Pennsylvania,19120,East,OFF-BI-10004826,Office Supplies,Binders,JM Magazine Binder,29.718,6,0.7,-21.7932
958,CA-2017-102414,5/15/2017,5/18/2017,Second Class,JA-15970,Joseph Airdo,Consumer,United States,Phoenix,Arizona,85023,West,OFF-BI-10004465,Office Supplies,Binders,Avery Durable Slant Ring Binders,4.752,2,0.7,-3.168
973,CA-2014-115791,1/16/2014,1/18/2014,Second Class,DL-13315,Delfina Latchford,Consumer,United States,Philadelphia,Pennsylvania,19134,East,OFF-BI-10001575,Office Supplies,Binders,GBC Linen Binding Covers,18.588,2,0.7,-13.6312
977,US-2017-100209,07-09-2017,7/15/2017,Standard Class,TD-20995,Tamara Dahlen,Consumer,United States,Portland,Oregon,97206,West,OFF-BI-10002012,Office Supplies,Binders,Wilson Jones Easy Flow II Sheet Lifters,1.08,2,0.7,-0.792
979,CA-2016-145499,5/30/2016,5/31/2016,First Class,RW-19690,Robert Waldorf,Consumer,United States,Wilmington,North Carolina,28403,South,OFF-BI-10000848,Office Supplies,Binders,Angle-D Ring Binders,3.282,2,0.7,-2.6256
988,CA-2015-146829,03-10-2015,03-10-2015,Same Day,TS-21340,Toby Swindell,Consumer,United States,Houston,Texas,77041,Central,OFF-BI-10004022,Office Supplies,Binders,Acco Suede Grain Vinyl Round Ring Binder,1.112,2,0.8,-1.8904
1008,CA-2015-105312,11-06-2015,11-09-2015,First Class,MT-17815,Meg Tillman,Consumer,United States,Scottsdale,Arizona,85254,West,OFF-BI-10002049,Office Supplies,Binders,UniKeep View Case Binders,4.401,3,0.7,-3.5208
1035,CA-2016-109820,11/20/2016,11/22/2016,First Class,AG-10390,Allen Goldenen,Consumer,United States,Cincinnati,Ohio,45231,East,OFF-BI-10003460,Office Supplies,Binders,Acco 3-Hole Punch,2.628,2,0.7,-1.9272
1036,CA-2016-109820,11/20/2016,11/22/2016,First Class,AG-10390,Allen Goldenen,Consumer,United States,Cincinnati,Ohio,45231,East,OFF-BI-10000474,Office Supplies,Binders,Avery Recycled Flexi-View Covers for Binding Systems,14.427,3,0.7,-10.5798
1045,CA-2017-115651,07-09-2017,07-12-2017,First Class,NS-18640,Noel Staavos,Corporate,United States,Chicago,Illinois,60610,Central,OFF-AP-10000055,Office Supplies,Appliances,Belkin F9S820V06 8 Outlet Surge,58.464,9,0.8,-146.16
1067,CA-2015-161263,4/16/2015,4/21/2015,Standard Class,TS-21160,Theresa Swint,Corporate,United States,Toledo,Ohio,43615,East,OFF-BI-10004330,Office Supplies,Binders,"GBC Velobind Prepunched Cover Sets, Regency Series",55.47,5,0.7,-46.225
1070,US-2015-150161,7/25/2015,7/29/2015,Standard Class,RB-19795,Ross Baird,Home Office,United States,Philadelphia,Pennsylvania,19143,East,OFF-BI-10001524,Office Supplies,Binders,GBC Premium Transparent Covers with Diagonal Lined Pattern,25.176,4,0.7,-18.4624
1074,CA-2016-134348,11-12-2016,11/19/2016,Standard Class,MS-17710,Maurice Satty,Consumer,United States,Mesa,Arizona,85204,West,OFF-BI-10003727,Office Supplies,Binders,Avery Durable Slant Ring Binders With Label Holder,6.27,5,0.7,-4.598
1075,CA-2016-134348,11-12-2016,11/19/2016,Standard Class,MS-17710,Maurice Satty,Consumer,United States,Mesa,Arizona,85204,West,OFF-BI-10004967,Office Supplies,Binders,Round Ring Binders,4.368,7,0.7,-3.3488
1097,CA-2017-160423,1/21/2017,1/26/2017,Standard Class,PS-19045,Penelope Sewall,Home Office,United States,Charlotte,North Carolina,28205,South,OFF-BI-10004001,Office Supplies,Binders,GBC Recycled VeloBinder Covers,35.784,7,0.7,-28.6272
1103,US-2017-145863,4/21/2017,4/27/2017,Standard Class,,Resi Pölking,Consumer,United States,Houston,Texas,77041,Central,OFF-BI-10004140,Office Supplies,Binders,Avery Non-Stick Binders,2.694,3,0.8,-4.7145
1104,US-2017-145863,4/21/2017,4/27/2017,Standard Class,RP-19390,Resi Pölking,Consumer,United States,Houston,Texas,77041,Central,OFF-BI-10002049,Office Supplies,Binders,UniKeep View Case Binders,2.934,3,0.8,-4.9878
1107,US-2016-110156,11/19/2016,11/24/2016,Standard Class,EH-13945,Eric Hoffmann,Consumer,United States,Houston,Texas,77041,Central,FUR-FU-10000206,Furniture,Furnishings,"GE General Purpose, Extra Long Life, Showcase & Floodlight Incandescent Bulbs",2.328,2,0.6,-0.7566
1108,US-2016-110156,11/19/2016,11/24/2016,Standard Class,EH-13945,Eric Hoffmann,Consumer,United States,Houston,Texas,77041,Central,OFF-BI-10003676,Office Supplies,Binders,"GBC Standard Recycled Report Covers, Clear Plastic Sheets",10.78,5,0.8,-17.248
1113,US-2016-110156,11/19/2016,11/24/2016,Standard Class,EH-13945,Eric Hoffmann,Consumer,United States,Houston,Texas,77041,Central,OFF-BI-10002609,Office Supplies,Binders,Avery Hidden Tab Dividers for Binding Systems,1.192,2,0.8,-2.0264
1174,US-2015-104430,10/22/2015,10/26/2015,Standard Class,LT-17110,Liz Thompson,Consumer,United States,Bloomington,Illinois,61701,Central,OFF-BI-10000301,Office Supplies,Binders,GBC Instant Report Kit,5.176,4,0.8,-7.764
1200,CA-2016-130946,04-08-2016,04-12-2016,Standard Class,ZC-21910,Zuschuss Carroll,Consumer,United States,Houston,Texas,77041,Central,OFF-BI-10004995,Office Supplies,Binders,GBC DocuBind P400 Electric Binding System,1088.792,4,0.8,-1850.9464
1202,CA-2016-114727,7/18/2016,7/24/2016,Standard Class,LS-16945,Linda Southworth,Corporate,United States,Denver,Colorado,80219,West,OFF-BI-10004967,Office Supplies,Binders,Round Ring Binders,1.872,3,0.7,-1.4352
1214,US-2017-118087,09-09-2017,9/13/2017,Standard Class,SP-20620,Stefania Perrino,Corporate,United States,Philadelphia,Pennsylvania,19134,East,OFF-BI-10002432,Office Supplies,Binders,Wilson Jones Standard D-Ring Binders,3.036,2,0.7,-2.3276
1215,US-2017-118087,09-09-2017,9/13/2017,Standard Class,SP-20620,Stefania Perrino,Corporate,United States,Philadelphia,Pennsylvania,19134,East,OFF-BI-10000069,Office Supplies,Binders,"GBC Prepunched Paper, 19-Hole, for Binding Systems, 24-lb",4.503,1,0.7,-3.6024
1236,CA-2016-144344,10/28/2016,10/28/2016,Same Day,PG-18820,Patrick Gardner,Consumer,United States,Boynton Beach,Florida,33437,South,OFF-BI-10003719,Office Supplies,Binders,Large Capacity Hanging Post Binders,37.425,5,0.7,-29.94
1258,US-2016-168620,12/24/2016,12/28/2016,Second Class,RB-19795,Ross Baird,Home Office,United States,Charlotte,North Carolina,28205,South,OFF-BI-10001575,Office Supplies,Binders,GBC Linen Binding Covers,27.882,3,0.7,-20.4468
1262,US-2016-144393,10/28/2016,11-04-2016,Standard Class,SM-20950,Suzanne McNair,Corporate,United States,Greenville,North Carolina,27834,South,OFF-BI-10004236,Office Supplies,Binders,"XtraLife ClearVue Slant-D Ring Binder, White, 3""",17.616,4,0.7,-14.0928
1272,US-2016-103646,4/21/2016,4/26/2016,Standard Class,SP-20545,Sibella Parks,Corporate,United States,Chicago,Illinois,60623,Central,OFF-AP-10004487,Office Supplies,Appliances,Kensington 4 Outlet MasterPiece Compact Power Control Center,48.792,3,0.8,-126.8592
1273,US-2016-103646,4/21/2016,4/26/2016,Standard Class,SP-20545,Sibella Parks,Corporate,United States,Chicago,Illinois,60623,Central,OFF-BI-10002854,Office Supplies,Binders,"Performers Binder/Pad Holder, Black",44.848,8,0.8,-67.272
1283,CA-2017-122154,04-09-2017,04-11-2017,First Class,SA-20830,Sue Ann Reed,Consumer,United States,Jacksonville,Florida,32216,South,OFF-BI-10002026,Office Supplies,Binders,Avery Arch Ring Binders,17.43,1,0.7,-13.363
1285,US-2015-149692,12-06-2015,12-12-2015,Standard Class,KW-16435,Katrina Willman,Consumer,United States,Austin,Texas,78745,Central,OFF-BI-10002813,Office Supplies,Binders,Avery Reinforcements for Hole-Punch Pages,2.772,7,0.8,-4.851
1320,CA-2014-160773,07-01-2014,07-05-2014,Standard Class,LW-16825,Laurel Workman,Corporate,United States,Deltona,Florida,32725,South,OFF-BI-10000546,Office Supplies,Binders,Avery Durable Binders,5.184,6,0.7,-3.6288
1321,CA-2017-167703,02-03-2017,02-08-2017,Standard Class,MC-17575,Matt Collins,Consumer,United States,Cincinnati,Ohio,45231,East,OFF-BI-10002071,Office Supplies,Binders,Fellowes Black Plastic Comb Bindings,5.229,3,0.7,-4.1832
1326,US-2014-117058,5/27/2014,5/30/2014,First Class,LE-16810,Laurel Elliston,Consumer,United States,Chicago,Illinois,60653,Central,OFF-BI-10004139,Office Supplies,Binders,Fellowes Presentation Covers for Comb Binding Machines,17.46,6,0.8,-30.555
1333,CA-2014-122567,2/16/2014,2/21/2014,Standard Class,MN-17935,Michael Nguyen,Consumer,United States,Dallas,Texas,75220,Central,OFF-BI-10002012,Office Supplies,Binders,Wilson Jones Easy Flow II Sheet Lifters,1.08,3,0.8,-1.728
1334,CA-2014-122567,2/16/2014,2/21/2014,Standard Class,MN-17935,Michael Nguyen,Consumer,United States,Dallas,Texas,75220,Central,OFF-AP-10001303,Office Supplies,Appliances,"Holmes Cool Mist Humidifier for the Whole House with 8-Gallon Output per Day, Extended Life Filter",7.96,0,0.8,-13.93
1342,CA-2017-113481,01-02-2017,01-04-2017,First Class,AS-10045,Aaron Smayling,Corporate,United States,Jacksonville,North Carolina,28540,South,OFF-BI-10003694,Office Supplies,Binders,"Avery 3 1/2"" Diskette Storage Pages, 10/Pack",15.66,5,0.7,-12.528
1343,CA-2017-113481,01-02-2017,01-04-2017,First Class,AS-10045,Aaron Smayling,Corporate,United States,Jacksonville,North Carolina,28540,South,OFF-BI-10000474,Office Supplies,Binders,Avery Recycled Flexi-View Covers for Binding Systems,28.854,6,0.7,-21.1596
1359,CA-2017-160045,4/26/2017,4/27/2017,First Class,LB-16735,Larry Blacks,Consumer,United States,Fort Worth,Texas,76106,Central,FUR-FU-10000010,Furniture,Furnishings,"DAX Value U-Channel Document Frames, Easel Back",1.988,1,0.6,-1.4413
1364,US-2017-155425,11-10-2017,11-11-2017,First Class,AB-10600,Ann Blume,Corporate,United States,Tucson,Arizona,85705,West,OFF-BI-10001036,Office Supplies,Binders,Cardinal EasyOpen D-Ring Binders,38.388,14,0.7,-25.592
1365,US-2017-155425,11-10-2017,11-11-2017,First Class,AB-10600,Ann Blume,Corporate,United States,Tucson,Arizona,85705,West,TEC-MA-10003183,Technology,Machines,DYMO CardScan Personal V9 Business Card Scanner,95.994,2,0.7,-63.996
1370,US-2015-103471,12/24/2015,12/28/2015,Standard Class,JR-15670,Jim Radford,Consumer,United States,Colorado Springs,Colorado,80906,West,FUR-BO-10002613,Furniture,Bookcases,"Atlantic Metals Mobile 4-Shelf Bookcases, Custom Colors",590.058,7,0.7,-786.744
1382,US-2016-100566,09-03-2016,09-09-2016,Standard Class,JK-16120,Julie Kriz,Home Office,United States,Aurora,Illinois,60505,Central,FUR-FU-10003394,Furniture,Furnishings,"Tenex ""The Solids"" Textured Chair Mats",83.952,3,0.6,-90.2484
1411,CA-2017-105144,11-04-2017,11-11-2017,Standard Class,,Sam Zeldin,Home Office,United States,Grand Prairie,Texas,75051,Central,OFF-LA-10003923,Office Supplies,Labels,Alphabetical Labels for Top Tab Filing,23.68,2,0.2,8.88
1419,CA-2015-126697,9/21/2015,9/24/2015,First Class,SV-20815,Stuart Van,Corporate,United States,Houston,Texas,77041,Central,FUR-FU-10001706,Furniture,Furnishings,Longer-Life Soft White Bulbs,4.928,4,0.6,-1.4784
1421,CA-2015-124800,9/26/2015,9/30/2015,Standard Class,RW-19540,Rick Wilson,Corporate,United States,Mesa,Arizona,85204,West,OFF-BI-10000778,Office Supplies,Binders,GBC VeloBinder Electric Binding Machine,72.588,2,0.7,-48.392
1423,CA-2015-124800,9/26/2015,9/30/2015,Standard Class,RW-19540,Rick Wilson,Corporate,United States,Mesa,Arizona,85204,West,OFF-BI-10003984,Office Supplies,Binders,Lock-Up Easel 'Spel-Binder',77.031,9,0.7,-59.0571
1449,US-2014-112564,4/23/2014,4/24/2014,First Class,TS-21160,Theresa Swint,Corporate,United States,Philadelphia,Pennsylvania,19134,East,OFF-BI-10004876,Office Supplies,Binders,Wilson Jones Suede Grain Vinyl Binders,2.502,3,0.7,-1.7514
1451,US-2015-160150,7/19/2015,7/20/2015,First Class,TS-21085,Thais Sissman,Consumer,United States,Phoenix,Arizona,85023,West,OFF-BI-10004352,Office Supplies,Binders,Wilson Jones DublLock D-Ring Binders,2.025,1,0.7,-1.35
1474,US-2015-105676,12-01-2015,12-02-2015,Same Day,NM-18520,Neoma Murray,Consumer,United States,Houston,Texas,77036,Central,FUR-FU-10004270,Furniture,Furnishings,"Eldon Image Series Desk Accessories, Burgundy",6.688,4,0.6,-4.0128
1514,CA-2017-112809,8/18/2017,8/22/2017,Standard Class,RA-19915,Russell Applegate,Consumer,United States,Dallas,Texas,75220,Central,OFF-BI-10001098,Office Supplies,Binders,Acco D-Ring Binder w/DublLock,21.38,5,0.8,-33.139
1515,CA-2017-112809,8/18/2017,8/22/2017,Standard Class,RA-19915,Russell Applegate,Consumer,United States,Dallas,Texas,75220,Central,OFF-BI-10001636,Office Supplies,Binders,Ibico Plastic and Wire Spiral Binding Combs,6.744,4,0.8,-11.4648
1548,CA-2015-111395,11/23/2015,11/27/2015,Standard Class,VB-21745,Victoria Brennan,Corporate,United States,San Antonio,Texas,78207,Central,OFF-BI-10002867,Office Supplies,Binders,GBC Recycled Regency Composition Covers,23.912,2,0.8,-40.6504
1551,US-2017-124926,11/13/2017,11/18/2017,Second Class,ME-17320,Maria Etezadi,Home Office,United States,Houston,Texas,77095,Central,OFF-AP-10004868,Office Supplies,Appliances,Hoover Commercial Soft Guard Upright Vacuum And Disposable Filtration Bags,9.324,6,0.8,-24.7086
1568,CA-2015-129112,11/29/2015,11/30/2015,First Class,AW-10840,Anthony Witt,Consumer,United States,Allen,Texas,75002,Central,OFF-BI-10000088,Office Supplies,Binders,GBC Imprintable Covers,8.784,4,0.8,-13.6152
1601,CA-2017-158876,11/19/2017,11/21/2017,Second Class,AB-10150,Aimee Bixby,Consumer,United States,Carrollton,Texas,75007,Central,FUR-FU-10001967,Furniture,Furnishings,Telescoping Adjustable Floor Lamp,15.992,2,0.6,-13.993
1630,CA-2017-101049,6/21/2017,6/25/2017,Second Class,AS-10240,Alan Shonely,Consumer,United States,Cleveland,Ohio,44105,East,OFF-BI-10001510,Office Supplies,Binders,Deluxe Heavy-Duty Vinyl Round Ring Binder,41.256,6,0.7,-34.38
1649,CA-2015-120341,9/26/2015,9/29/2015,Second Class,SF-20200,Sarah Foster,Consumer,United States,Philadelphia,Pennsylvania,19143,East,OFF-BI-10004224,Office Supplies,Binders,Catalog Binders with Expanding Posts,121.104,6,0.7,-100.92
1663,CA-2017-144526,4/30/2017,05-06-2017,Standard Class,QJ-19255,Quincy Jones,Corporate,United States,Philadelphia,Pennsylvania,19143,East,OFF-BI-10002353,Office Supplies,Binders,GBC VeloBind Cover Sets,13.896,3,0.7,-9.264
1675,CA-2015-143077,9/17/2015,9/21/2015,Standard Class,SF-20965,Sylvia Foulston,Corporate,United States,Houston,Texas,77041,Central,FUR-FU-10003535,Furniture,Furnishings,Howard Miller Distant Time Traveler Alarm Clock,21.936,2,0.6,-10.4196
1676,CA-2015-143077,9/17/2015,9/21/2015,Standard Class,SF-20965,Sylvia Foulston,Corporate,United States,Houston,Texas,77041,Central,OFF-BI-10000088,Office Supplies,Binders,GBC Imprintable Covers,6.588,3,0.8,-10.2114
1682,CA-2014-122882,09-07-2014,9/13/2014,Standard Class,SB-20290,Sean Braxton,Corporate,United States,Philadelphia,Pennsylvania,19134,East,TEC-MA-10004679,Technology,Machines,StarTech.com 10/100 VDSL2 Ethernet Extender Kit,399.54,4,0.7,-559.356
1686,CA-2017-149489,4/24/2017,4/27/2017,First Class,DK-12835,Damala Kotsonis,Corporate,United States,Philadelphia,Pennsylvania,19143,East,OFF-BI-10002813,Office Supplies,Binders,Avery Reinforcements for Hole-Punch Pages,1.188,2,0.7,-0.99
1687,CA-2017-149489,4/24/2017,4/27/2017,First Class,DK-12835,Damala Kotsonis,Corporate,United States,Philadelphia,Pennsylvania,19143,East,OFF-BI-10002414,Office Supplies,Binders,GBC ProClick Spines for 32-Hole Punch,7.518,2,0.7,-5.7638
1705,CA-2016-106306,03-08-2016,03-08-2016,Same Day,PG-18820,Patrick Gardner,Consumer,United States,Glendale,Arizona,85301,West,OFF-BI-10003676,Office Supplies,Binders,"GBC Standard Recycled Report Covers, Clear Plastic Sheets",9.702,3,0.7,-7.1148
1706,CA-2015-100545,11/22/2015,11/26/2015,Standard Class,IM-15070,Irene Maddox,Consumer,United States,Philadelphia,Pennsylvania,19120,East,OFF-BI-10003638,Office Supplies,Binders,GBC Durable Plastic Covers,11.61,2,0.7,-9.288
1730,CA-2016-106894,02-07-2016,02-07-2016,Same Day,,Christina Anderson,Consumer,United States,Springfield,Virginia,22153,South,OFF-LA-10001045,Office Supplies,Labels,Permanent Self-Adhesive File Folder Labels for Typewriters by Universal,7.83,3,0.0,3.6018
1747,CA-2016-155670,8/13/2016,8/17/2016,Second Class,EM-14065,Erin Mull,Consumer,United States,Jacksonville,North Carolina,28540,South,OFF-BI-10000138,Office Supplies,Binders,Acco Translucent Poly Ring Binders,11.232,8,0.7,-8.2368
1758,US-2015-107349,7/13/2015,7/15/2015,First Class,SL-20155,Sara Luxemburg,Home Office,United States,Houston,Texas,77095,Central,OFF-BI-10001765,Office Supplies,Binders,Wilson Jones Heavy-Duty Casebound Ring Binders with Metal Hinges,41.568,6,0.8,-66.5088
1768,US-2014-158057,3/22/2014,3/26/2014,Standard Class,CC-12685,Craig Carroll,Consumer,United States,Greensboro,North Carolina,27405,South,OFF-BI-10004410,Office Supplies,Binders,"C-Line Peel & Stick Add-On Filing Pockets, 8-3/4 x 5-1/8, 10/Pack",7.644,4,0.7,-5.8604
1769,US-2014-158057,3/22/2014,3/26/2014,Standard Class,CC-12685,Craig Carroll,Consumer,United States,Greensboro,North Carolina,27405,South,OFF-BI-10002735,Office Supplies,Binders,GBC Prestige Therm-A-Bind Covers,51.465,5,0.7,-39.4565
1771,CA-2017-146024,03-02-2017,03-08-2017,Standard Class,SC-20770,Stewart Carmichael,Corporate,United States,Dallas,Texas,75081,Central,OFF-BI-10003291,Office Supplies,Binders,Wilson Jones Leather-Like Binders with DublLock Round Rings,12.222,7,0.8,-20.1663
1803,CA-2017-158379,9/22/2017,9/26/2017,Second Class,JA-15970,Joseph Airdo,Consumer,United States,Philadelphia,Pennsylvania,19134,East,OFF-BI-10002498,Office Supplies,Binders,Clear Mylar Reinforcing Strips,5.607,1,0.7,-4.2987
1810,CA-2016-165484,10/23/2016,10/29/2016,Standard Class,HK-14890,Heather Kirkland,Corporate,United States,Chicago,Illinois,60610,Central,FUR-FU-10001196,Furniture,Furnishings,DAX Cubicle Frames - 8x10,16.156,7,0.6,-12.117
1819,US-2014-130379,5/25/2014,5/29/2014,Standard Class,JL-15235,Janet Lee,Consumer,United States,Chicago,Illinois,60623,Central,OFF-AP-10001394,Office Supplies,Appliances,Harmony Air Purifier,75.6,2,0.8,-166.32
1820,US-2014-130379,5/25/2014,5/29/2014,Standard Class,JL-15235,Janet Lee,Consumer,United States,Chicago,Illinois,60623,Central,FUR-FU-10002553,Furniture,Furnishings,"Electrix Incandescent Magnifying Lamp, Black",29.32,2,0.6,-24.189
1821,CA-2016-168956,2/16/2016,2/20/2016,Standard Class,EA-14035,Erin Ashbrook,Corporate,United States,Chicago,Illinois,60623,Central,OFF-AP-10004233,Office Supplies,Appliances,Honeywell Enviracaire Portable Air Cleaner for up to 8 x 10 Room,92.064,6,0.8,-225.5568
1825,CA-2016-167507,12/22/2016,12/28/2016,Standard Class,SA-20830,Sue Ann Reed,Consumer,United States,Redmond,Oregon,97756,West,OFF-BI-10003694,Office Supplies,Binders,"Avery 3 1/2"" Diskette Storage Pages, 10/Pack",31.32,10,0.7,-25.056
1826,CA-2016-167507,12/22/2016,12/28/2016,Standard Class,SA-20830,Sue Ann Reed,Consumer,United States,Redmond,Oregon,97756,West,FUR-FU-10001935,Furniture,Furnishings,3M Hangers With Command Adhesive,0.0,4,0.2,3.108
1844,CA-2015-135391,02-09-2015,02-11-2015,Second Class,FA-14230,Frank Atkinson,Corporate,United States,San Antonio,Texas,78207,Central,FUR-FU-10001986,Furniture,Furnishings,"Dana Fluorescent Magnifying Lamp, White, 36""",40.784,2,0.6,-30.588
1858,US-2017-158218,05-12-2017,5/15/2017,Second Class,AC-10420,Alyssa Crouse,Corporate,United States,Houston,Texas,77041,Central,OFF-BI-10002133,Office Supplies,Binders,"Wilson Jones Elliptical Ring 3 1/2"" Capacity Binders, 800 sheets",34.24,4,0.8,-53.072
1880,US-2017-166611,3/28/2017,04-02-2017,Standard Class,CK-12760,Cyma Kinney,Corporate,United States,Jacksonville,Florida,32216,South,OFF-BI-10001191,Office Supplies,Binders,Canvas Sectional Post Binders,68.742,9,0.7,-48.1194
1888,CA-2014-140165,5/13/2014,5/15/2014,First Class,EH-14005,Erica Hernandez,Home Office,United States,Hialeah,Florida,33012,South,OFF-BI-10004519,Office Supplies,Binders,GBC DocuBind P100 Manual Binding Machine,398.352,8,0.7,-331.96
1899,CA-2014-169775,8/29/2014,09-02-2014,Second Class,RA-19945,Ryan Akin,Consumer,United States,Miami,Florida,33178,South,OFF-BI-10004390,Office Supplies,Binders,GBC DocuBind 200 Manual Binding Machine,505.176,4,0.7,-336.784
1907,US-2016-150567,5/17/2016,5/21/2016,Standard Class,RP-19855,Roy Phan,Corporate,United States,Apopka,Florida,32712,South,OFF-BI-10001757,Office Supplies,Binders,Pressboard Hanging Data Binders for Unburst Sheets,2.952,2,0.7,-2.1648
1908,US-2016-150567,5/17/2016,5/21/2016,Standard Class,RP-19855,Roy Phan,Corporate,United States,Apopka,Florida,32712,South,OFF-BI-10000069,Office Supplies,Binders,"GBC Prepunched Paper, 19-Hole, for Binding Systems, 24-lb",27.018,6,0.7,-21.6144
1938,CA-2016-112109,07-08-2016,07-12-2016,Standard Class,JE-15715,Joe Elijah,Consumer,United States,Broomfield,Colorado,80020,West,OFF-BI-10002082,Office Supplies,Binders,GBC Twin Loop Wire Binding Elements,19.968,2,0.7,-13.312
1940,CA-2016-112109,07-08-2016,07-12-2016,Standard Class,JE-15715,Joe Elijah,Consumer,United States,Broomfield,Colorado,80020,West,OFF-BI-10001634,Office Supplies,Binders,Wilson Jones Active Use Binders,8.736,4,0.7,-6.1152
1944,CA-2017-144064,8/29/2017,09-01-2017,First Class,CP-12085,Cathy Prescott,Corporate,United States,Quincy,Illinois,62301,Central,OFF-BI-10002012,Office Supplies,Binders,Wilson Jones Easy Flow II Sheet Lifters,3.24,9,0.8,-5.184
1959,CA-2017-110905,09-10-2017,9/15/2017,Second Class,RW-19690,Robert Waldorf,Consumer,United States,Springfield,Missouri,65807,Central,OFF-BI-10003669,Office Supplies,Binders,3M Organizer Strips,16.2,0,0.0,7.776
1973,CA-2014-148950,12/14/2014,12/19/2014,Standard Class,JD-16015,Joy Daniels,Consumer,United States,Chicago,Illinois,60610,Central,OFF-BI-10001249,Office Supplies,Binders,Avery Heavy-Duty EZD View Binder with Locking Rings,5.104,4,0.8,-8.6768
1992,CA-2017-111374,2/24/2017,2/28/2017,Standard Class,CB-12415,Christy Brittain,Consumer,United States,Philadelphia,Pennsylvania,19134,East,OFF-BI-10004970,Office Supplies,Binders,"ACCOHIDE 3-Ring Binder, Blue, 1""",4.956,4,0.7,-3.7996
1996,US-2017-147221,12-02-2017,12-04-2017,Second Class,JS-16030,Joy Smith,Consumer,United States,Houston,Texas,77036,Central,OFF-AP-10002534,Office Supplies,Appliances,3.6 Cubic Foot Counter Height Office Refrigerator,294.62,5,0.8,-766.012
1997,US-2017-147221,12-02-2017,12-04-2017,Second Class,JS-16030,Joy Smith,Consumer,United States,Houston,Texas,77036,Central,FUR-FU-10004020,Furniture,Furnishings,Advantus Panel Wall Acrylic Frame,8.752,4,0.6,-3.7196
2005,US-2017-143028,04-11-2017,4/18/2017,Standard Class,SC-20050,Sample Company A,Home Office,United States,Lubbock,Texas,79424,Central,OFF-BI-10004738,Office Supplies,Binders,Flexible Leather- Look Classic Collection Ring Binder,11.364,3,0.8,-17.046
2040,CA-2015-122287,6/18/2015,6/23/2015,Standard Class,SN-20560,Skye Norling,Home Office,United States,Peoria,Arizona,85345,West,OFF-BI-10004656,Office Supplies,Binders,Peel & Stick Add-On Corner Pockets,4.536,7,0.7,-3.3264
2041,CA-2015-122287,6/18/2015,6/23/2015,Standard Class,SN-20560,Skye Norling,Home Office,United States,Peoria,Arizona,85345,West,OFF-BI-10003707,Office Supplies,Binders,Aluminum Screw Posts,9.156,2,0.7,-6.104
2050,CA-2015-142237,07-11-2015,7/13/2015,First Class,CK-12595,Clytie Kelty,Consumer,United States,Philadelphia,Pennsylvania,19134,East,OFF-BI-10004022,Office Supplies,Binders,Acco Suede Grain Vinyl Round Ring Binder,2.502,3,0.7,-2.0016
2051,CA-2015-142237,07-11-2015,7/13/2015,First Class,CK-12595,Clytie Kelty,Consumer,United States,Philadelphia,Pennsylvania,19134,East,OFF-BI-10003669,Office Supplies,Binders,3M Organizer Strips,6.48,4,0.7,-4.752
2071,CA-2016-146521,7/21/2016,7/23/2016,Second Class,CC-12610,Corey Catlett,Corporate,United States,Philadelphia,Pennsylvania,19134,East,OFF-BI-10000301,Office Supplies,Binders,GBC Instant Report Kit,1.941,1,0.7,-1.294
2096,US-2016-146570,5/15/2016,5/20/2016,Standard Class,SN-20710,Steve Nguyen,Home Office,United States,Jackson,Mississippi,39212,South,OFF-BI-10001718,Office Supplies,Binders,GBC DocuBind P50 Personal Binding Machine,0.0,8,0.0,240.5648
2097,US-2016-146570,5/15/2016,5/20/2016,Standard Class,SN-20710,Steve Nguyen,Home Office,United States,Jackson,Mississippi,39212,South,OFF-AR-10004602,Office Supplies,Art,Boston KS Multi-Size Manual Pencil Sharpener,0.0,4,0.0,25.7488
2098,US-2016-146570,5/15/2016,5/20/2016,Standard Class,SN-20710,Steve Nguyen,Home Office,United States,Jackson,Mississippi,39212,South,OFF-AR-10003856,Office Supplies,Art,Newell 344,0.0,3,0.0,2.1684
2107,US-2014-152723,9/26/2014,9/26/2014,Same Day,HG-14965,Henry Goldwyn,Corporate,United States,Mesquite,Texas,75150,Central,OFF-BI-10003460,Office Supplies,Binders,Acco 3-Hole Punch,0.876,1,0.8,-1.4016
2121,US-2017-168690,01-07-2017,1/13/2017,Standard Class,TS-21085,Thais Sissman,Consumer,United States,Ormond Beach,Florida,32174,South,OFF-BI-10000145,Office Supplies,Binders,Zipper Ring Binder Pockets,2.808,3,0.7,-1.9656
2134,CA-2015-122210,11/30/2015,12-04-2015,Standard Class,WB-21850,William Brown,Consumer,United States,Philadelphia,Pennsylvania,19134,East,OFF-BI-10003656,Office Supplies,Binders,Fellowes PB200 Plastic Comb Binding Machine,152.991,3,0.7,-122.3928
2137,CA-2015-156377,12/31/2015,01-05-2016,Standard Class,TB-21625,Trudy Brown,Consumer,United States,Grand Prairie,Texas,75051,Central,FUR-FU-10002364,Furniture,Furnishings,"Eldon Expressions Wood Desk Accessories, Oak",14.76,5,0.6,-11.439
2138,CA-2015-156377,12/31/2015,01-05-2016,Standard Class,TB-21625,Trudy Brown,Consumer,United States,Grand Prairie,Texas,75051,Central,OFF-BI-10002954,Office Supplies,Binders,Newell 3-Hole Punched Plastic Slotted Magazine Holders for Binders,3.656,4,0.8,-5.8496
2147,US-2016-152051,6/25/2016,6/29/2016,Standard Class,TS-21160,Theresa Swint,Corporate,United States,York,Pennsylvania,17403,East,OFF-BI-10004781,Office Supplies,Binders,GBC Wire Binding Strips,38.088,4,0.7,-27.9312
2155,US-2016-120460,4/30/2016,05-05-2016,Standard Class,BF-11170,Ben Ferrer,Home Office,United States,Dallas,Texas,75081,Central,FUR-FU-10004973,Furniture,Furnishings,Flat Face Poster Frame,22.608,3,0.6,-10.1736
2160,CA-2016-159737,09-03-2016,09-09-2016,Standard Class,CS-11950,Carlos Soltero,Consumer,United States,Chicago,Illinois,60610,Central,OFF-BI-10004236,Office Supplies,Binders,"XtraLife ClearVue Slant-D Ring Binder, White, 3""",8.808,3,0.8,-14.9736
2166,CA-2016-154018,10/13/2016,10/19/2016,Standard Class,HA-14920,Helen Andreada,Consumer,United States,Laredo,Texas,78041,Central,FUR-FU-10003394,Furniture,Furnishings,"Tenex ""The Solids"" Textured Chair Mats",139.92,5,0.6,-150.414
2168,CA-2016-154018,10/13/2016,10/19/2016,Standard Class,HA-14920,Helen Andreada,Consumer,United States,Laredo,Texas,78041,Central,OFF-BI-10004140,Office Supplies,Binders,Avery Non-Stick Binders,6.286,7,0.8,-11.0005
2174,CA-2016-112025,7/30/2016,08-04-2016,Standard Class,LS-16975,Lindsay Shagiari,Home Office,United States,Houston,Texas,77070,Central,OFF-BI-10002353,Office Supplies,Binders,GBC VeloBind Cover Sets,9.264,3,0.8,-13.896
2207,US-2014-103905,7/14/2014,7/20/2014,Standard Class,AW-10930,Arthur Wiediger,Home Office,United States,Aurora,Illinois,60505,Central,OFF-BI-10001098,Office Supplies,Binders,Acco D-Ring Binder w/DublLock,29.932,7,0.8,-46.3946
2226,CA-2016-106383,3/19/2016,3/21/2016,Second Class,BT-11440,Bobby Trafton,Consumer,United States,Littleton,Colorado,80122,West,FUR-BO-10002202,Furniture,Bookcases,"Atlantic Metals Mobile 2-Shelf Bookcases, Custom Colors",72.294,1,0.7,-98.8018
2239,CA-2017-166849,4/20/2017,4/26/2017,Standard Class,SJ-20125,Sanjit Jacobs,Home Office,United States,Chicago,Illinois,60610,Central,FUR-FU-10004597,Furniture,Furnishings,Eldon Cleatmat Chair Mats for Medium Pile Carpets,44.4,2,0.6,-52.17
2346,CA-2016-159373,3/13/2016,3/18/2016,Standard Class,,Liz Thompson,Consumer,United States,San Antonio,Texas,78207,Central,OFF-PA-10000659,Office Supplies,Paper,"TOPS Carbonless Receipt Book, Four 2-3/4 x 7-1/4 Money Receipts per Page",70.08,5,0.2,24.528
2347,CA-2016-159373,3/13/2016,3/18/2016,Standard Class,LT-17110,Liz Thompson,Consumer,United States,San Antonio,Texas,78207,Central,OFF-BI-10004141,Office Supplies,Binders,Insertable Tab Indexes For Data Binders,1.272,2,0.8,-2.1624
2363,CA-2017-136497,4/16/2017,4/20/2017,Standard Class,RF-19840,Roy Französisch,Consumer,United States,Columbus,Ohio,43229,East,OFF-BI-10001553,Office Supplies,Binders,SpineVue Locking Slant-D Ring Binders by Cardinal,13.71,5,0.7,-10.054
2372,CA-2016-159940,07-07-2016,07-11-2016,Second Class,BF-11020,Barry Französisch,Corporate,United States,Aurora,Illinois,60505,Central,FUR-FU-10004973,Furniture,Furnishings,Flat Face Poster Frame,60.288,8,0.6,-27.1296
2377,US-2014-164616,8/19/2014,8/21/2014,Second Class,MS-17770,Maxwell Schwartz,Consumer,United States,Columbus,Ohio,43229,East,OFF-BI-10001718,Office Supplies,Binders,GBC DocuBind P50 Personal Binding Machine,76.776,4,0.7,-58.8616
2402,CA-2017-145877,04-01-2017,04-04-2017,Second Class,AS-10090,Adam Shillingsburg,Consumer,United States,Springfield,Missouri,65807,Central,OFF-ST-10000649,Office Supplies,Storage,Hanging Personal Folder File,94.2,0,0.0,23.55
2425,US-2017-147669,12/25/2017,12/30/2017,Standard Class,SV-20935,Susan Vittorini,Consumer,United States,Fairfield,Ohio,45014,East,OFF-BI-10000632,Office Supplies,Binders,Satellite Sectional Post Binders,13.023,1,0.7,-10.4184
2428,CA-2016-169922,06-11-2016,6/17/2016,Standard Class,MZ-17515,Mary Zewe,Corporate,United States,Arlington,Texas,76017,Central,OFF-BI-10003784,Office Supplies,Binders,Computer Printout Index Tabs,1.344,4,0.8,-2.1504
2429,CA-2016-169922,06-11-2016,6/17/2016,Standard Class,MZ-17515,Mary Zewe,Corporate,United States,Arlington,Texas,76017,Central,OFF-BI-10001617,Office Supplies,Binders,GBC Wire Binding Combs,8.272,4,0.8,-13.6488
2430,CA-2016-169922,06-11-2016,6/17/2016,Standard Class,MZ-17515,Mary Zewe,Corporate,United States,Arlington,Texas,76017,Central,FUR-FU-10004415,Furniture,Furnishings,"Stacking Tray, Side-Loading, Legal, Smoke",12.544,7,0.6,-9.0944
2471,US-2016-135923,1/22/2016,1/28/2016,Standard Class,CM-11935,Carlos Meador,Consumer,United States,Fayetteville,North Carolina,28314,South,FUR-FU-10002107,Furniture,Furnishings,Eldon Pizzaz Desk Accessories,0.0,8,0.2,4.2816
2502,CA-2017-131618,6/17/2017,6/20/2017,First Class,LS-17200,Luke Schmidt,Corporate,United States,Skokie,Illinois,60076,Central,OFF-BI-10000546,Office Supplies,Binders,Avery Durable Binders,2.304,4,0.8,-3.5712
2503,CA-2017-131618,6/17/2017,6/20/2017,First Class,LS-17200,Luke Schmidt,Corporate,United States,Skokie,Illinois,60076,Central,OFF-BI-10001294,Office Supplies,Binders,Fellowes Binding Cases,9.36,4,0.8,-16.38
2508,CA-2015-120397,07-02-2015,07-02-2015,Same Day,RB-19435,Richard Bierner,Consumer,United States,Houston,Texas,77070,Central,OFF-AP-10001293,Office Supplies,Appliances,Belkin 8 Outlet Surge Protector,32.784,4,0.8,-85.2384
2513,CA-2017-155089,12-02-2017,12-06-2017,Standard Class,DB-12910,Daniel Byrd,Home Office,United States,Tampa,Florida,33614,South,OFF-BI-10002429,Office Supplies,Binders,"Premier Elliptical Ring Binder, Black",45.66,5,0.7,-33.484
2527,CA-2015-124541,04-06-2015,04-10-2015,Standard Class,TT-21220,Thomas Thornton,Consumer,United States,Houston,Texas,77041,Central,OFF-BI-10004965,Office Supplies,Binders,Ibico Covers for Plastic or Wire Binding Elements,6.9,3,0.8,-12.075
2528,CA-2015-124541,04-06-2015,04-10-2015,Standard Class,TT-21220,Thomas Thornton,Consumer,United States,Houston,Texas,77041,Central,OFF-BI-10004209,Office Supplies,Binders,"Fellowes Twister Kit, Gray/Clear, 3/pkg",9.648,6,0.8,-16.884
2557,US-2016-126844,10-08-2016,10/14/2016,Standard Class,BW-11110,Bart Watters,Corporate,United States,Houston,Texas,77070,Central,FUR-FU-10004909,Furniture,Furnishings,Contemporary Wood/Metal Frame,51.712,8,0.6,-32.32
2591,US-2016-115455,09-08-2016,9/14/2016,Standard Class,SE-20110,Sanjit Engle,Consumer,United States,Wheeling,Illinois,60090,Central,FUR-FU-10004671,Furniture,Furnishings,"Executive Impressions 12"" Wall Clock",14.136,0,0.6,-7.7748
2606,CA-2014-112718,12/16/2014,12/21/2014,Standard Class,KN-16450,Kean Nguyen,Corporate,United States,Jacksonville,Florida,32216,South,OFF-BI-10000591,Office Supplies,Binders,Avery Binder Labels,1.167,1,0.7,-0.8558
2613,CA-2014-127446,11/25/2014,11/30/2014,Standard Class,MC-17590,Matt Collister,Corporate,United States,Arlington,Texas,76017,Central,FUR-FU-10000221,Furniture,Furnishings,"Master Caster Door Stop, Brown",6.096,3,0.6,-3.9624
2629,US-2017-165344,11/13/2017,11/15/2017,First Class,SB-20290,Sean Braxton,Corporate,United States,Springfield,Ohio,45503,East,TEC-MA-10002210,Technology,Machines,Epson TM-T88V Direct Thermal Printer - Monochrome - Desktop,652.995,7,0.7,-935.9595
2630,US-2017-165344,11/13/2017,11/15/2017,First Class,SB-20290,Sean Braxton,Corporate,United States,Springfield,Ohio,45503,East,OFF-BI-10003196,Office Supplies,Binders,Accohide Poly Flexible Ring Binders,11.22,10,0.7,-7.48
2636,CA-2015-116750,07-05-2015,07-10-2015,Second Class,BF-10975,Barbara Fisher,Corporate,United States,Fayetteville,North Carolina,28314,South,OFF-BI-10004728,Office Supplies,Binders,Wilson Jones Turn Tabs Binder Tool for Ring Binders,7.23,5,0.7,-5.784
2666,CA-2016-164784,05-01-2016,05-04-2016,First Class,HF-14995,Herbert Flentye,Consumer,United States,Memphis,Tennessee,38109,South,OFF-BI-10002954,Office Supplies,Binders,Newell 3-Hole Punched Plastic Slotted Magazine Holders for Binders,2.742,2,0.7,-2.0108
2678,US-2014-160780,6/21/2014,6/21/2014,Same Day,SV-20785,Stewart Visinsky,Consumer,United States,Pueblo,Colorado,81001,West,OFF-BI-10001116,Office Supplies,Binders,"Wilson Jones 1"" Hanging DublLock Ring Binders",11.088,7,0.7,-8.1312
2679,US-2014-160780,6/21/2014,6/21/2014,Same Day,SV-20785,Stewart Visinsky,Consumer,United States,Pueblo,Colorado,81001,West,OFF-BI-10002931,Office Supplies,Binders,"Avery Trapezoid Extra Heavy Duty 4"" Binders",25.164,2,0.7,-16.776
2687,CA-2016-133123,09-06-2016,09-11-2016,Standard Class,KB-16315,Karl Braun,Consumer,United States,Thomasville,North Carolina,27360,South,OFF-BI-10001031,Office Supplies,Binders,Pressboard Data Binders by Wilson Jones,3.204,2,0.7,-2.4564
2688,US-2016-128195,08-04-2016,08-05-2016,First Class,RA-19285,Ralph Arnett,Consumer,United States,Peoria,Illinois,61604,Central,OFF-BI-10002003,Office Supplies,Binders,Ibico Presentation Index for Binding Systems,3.98,5,0.8,-6.567
2691,CA-2017-156412,12-04-2017,12-08-2017,Standard Class,CM-12160,Charles McCrossin,Consumer,United States,Philadelphia,Pennsylvania,19134,East,OFF-BI-10004364,Office Supplies,Binders,Storex Dura Pro Binders,5.346,3,0.7,-4.455
2711,US-2015-120572,12-11-2015,12/15/2015,Standard Class,GH-14425,Gary Hwang,Consumer,United States,Jacksonville,Florida,32216,South,OFF-BI-10001098,Office Supplies,Binders,Acco D-Ring Binder w/DublLock,12.828,2,0.7,-8.9796
2720,CA-2014-110030,12-06-2014,12-08-2014,Second Class,LF-17185,Luke Foster,Consumer,United States,Houston,Texas,77095,Central,FUR-FU-10002759,Furniture,Furnishings,12-1/2 Diameter Round Wall Clock,23.976,3,0.6,-14.3856
2728,CA-2017-119193,12/22/2017,12/24/2017,First Class,SK-19990,Sally Knutson,Consumer,United States,Toledo,Ohio,43615,East,OFF-BI-10000848,Office Supplies,Binders,Angle-D Ring Binders,1.641,1,0.7,-1.3128
2749,CA-2015-110247,12-04-2015,12-08-2015,Standard Class,RH-19555,Ritsa Hightower,Consumer,United States,Tallahassee,Florida,32303,South,OFF-BI-10001553,Office Supplies,Binders,SpineVue Locking Slant-D Ring Binders by Cardinal,8.226,3,0.7,-6.0324
2750,US-2014-141257,06-08-2014,6/14/2014,Standard Class,CS-11950,Carlos Soltero,Consumer,United States,Seattle,Washington,98115,West,FUR-CH-10002758,Furniture,Chairs,"Hon Deluxe Fabric Upholstered Stacking Chairs, Squared Back",0.0,3,0.2,73.194
2764,CA-2017-165757,6/22/2017,6/28/2017,Standard Class,PL-18925,Paul Lucas,Home Office,United States,Philadelphia,Pennsylvania,19140,East,OFF-BI-10003166,Office Supplies,Binders,GBC Plasticlear Binding Covers,10.332,3,0.7,-7.5768
2765,CA-2017-165757,6/22/2017,6/28/2017,Standard Class,PL-18925,Paul Lucas,Home Office,United States,Philadelphia,Pennsylvania,19140,East,OFF-BI-10003982,Office Supplies,Binders,Wilson Jones Century Plastic Molded Ring Binders,31.155,5,0.7,-23.8855
2769,US-2015-122140,04-02-2015,04-07-2015,Standard Class,MO-17950,Michael Oakman,Consumer,United States,Dallas,Texas,75220,Central,OFF-AP-10001242,Office Supplies,Appliances,APC 7 Outlet Network SurgeArrest Surge Protector,32.192,2,0.8,-80.48
2788,US-2014-117744,12-02-2014,12-06-2014,Standard Class,MD-17860,Michael Dominguez,Corporate,United States,Corpus Christi,Texas,78415,Central,FUR-FU-10001588,Furniture,Furnishings,"Deflect-o SuperTray Unbreakable Stackable Tray, Letter, Black",58.36,5,0.6,-24.803
2790,US-2014-117744,12-02-2014,12-06-2014,Standard Class,MD-17860,Michael Dominguez,Corporate,United States,Corpus Christi,Texas,78415,Central,FUR-FU-10002759,Furniture,Furnishings,12-1/2 Diameter Round Wall Clock,39.96,5,0.6,-23.976
2793,CA-2014-125514,9/21/2014,9/22/2014,First Class,,Brian Moss,Corporate,United States,Omaha,Nebraska,68104,Central,OFF-PA-10000029,Office Supplies,Paper,Xerox 224,6.48,1,0.0,3.1104
2827,US-2014-112914,9/25/2014,9/30/2014,Standard Class,MT-18070,Michelle Tran,Home Office,United States,Houston,Texas,77041,Central,OFF-BI-10002982,Office Supplies,Binders,Avery Self-Adhesive Photo Pockets for Polaroid Photos,2.724,2,0.8,-4.3584
2847,CA-2017-152093,09-10-2017,9/15/2017,Standard Class,SN-20560,Skye Norling,Home Office,United States,Chicago,Illinois,60653,Central,OFF-BI-10003527,Office Supplies,Binders,Fellowes PB500 Electric Punch Plastic Comb Binding Machine with Manual Bind,762.594,3,0.8,-1143.891
2850,CA-2016-123617,11/28/2016,12-03-2016,Standard Class,AJ-10780,Anthony Jacobs,Corporate,United States,Palm Coast,Florida,32137,South,OFF-BI-10002976,Office Supplies,Binders,ACCOHIDE Binder by Acco,7.434,6,0.7,-5.6994
2863,CA-2017-106537,08-12-2017,8/17/2017,Standard Class,RH-19495,Rick Hansen,Consumer,United States,Orlando,Florida,32839,South,OFF-PA-10000223,Office Supplies,Paper,Xerox 2000,20.736,0,0.2,7.2576
2864,US-2017-103828,8/13/2017,8/13/2017,Same Day,JK-15370,Jay Kimmel,Consumer,United States,San Francisco,California,94122,West,OFF-ST-10001325,Office Supplies,Storage,Sterilite Officeware Hinged File Box,31.44,0,0.0,8.4888
2865,US-2017-103828,8/13/2017,8/13/2017,Same Day,JK-15370,Jay Kimmel,Consumer,United States,San Francisco,California,94122,West,OFF-AP-10004249,Office Supplies,Appliances,Staple holder,83.79,0,0.0,22.6233
2883,CA-2014-165540,2/21/2014,2/25/2014,Standard Class,TM-21010,Tamara Manning,Consumer,United States,Woodstock,Illinois,60098,Central,OFF-BI-10004094,Office Supplies,Binders,GBC Standard Plastic Binding Systems Combs,8.85,5,0.8,-13.7175
2923,US-2015-141453,11/30/2015,12-03-2015,Second Class,DB-13270,Deborah Brumfield,Home Office,United States,Austin,Texas,78745,Central,OFF-BI-10000301,Office Supplies,Binders,GBC Instant Report Kit,3.882,3,0.8,-5.823
2929,US-2017-120390,10/19/2017,10/26/2017,Standard Class,TH-21550,Tracy Hopkins,Home Office,United States,Burlington,North Carolina,27217,South,OFF-BI-10004995,Office Supplies,Binders,GBC DocuBind P400 Electric Binding System,1633.188,4,0.7,-1306.5504
2947,CA-2017-169859,12/14/2017,12/18/2017,Standard Class,MP-18175,Mike Pelletier,Home Office,United States,San Diego,California,92024,West,FUR-FU-10004963,Furniture,Furnishings,"Eldon 400 Class Desk Accessories, Black Carbon",0.0,3,0.0,11.025
2951,CA-2017-134915,11-12-2017,11-12-2017,Same Day,EM-14140,Eugene Moren,Home Office,United States,Glendale,Arizona,85301,West,OFF-PA-10002160,Office Supplies,Paper,Xerox 1978,23.12,0,0.2,8.381
2958,CA-2017-168900,05-04-2017,05-09-2017,Standard Class,SH-20395,Shahid Hopkins,Consumer,United States,Springfield,Ohio,45503,East,OFF-BI-10003910,Office Supplies,Binders,DXL Angle-View Binders with Locking Rings by Samsill,2.313,1,0.7,-1.9275
2967,CA-2014-162866,12/27/2014,12/31/2014,Standard Class,Co-12640,Corey-Lock,Consumer,United States,Skokie,Illinois,60076,Central,FUR-FU-10001473,Furniture,Furnishings,DAX Wood Document Frame,32.952,6,0.6,-19.7712
2971,CA-2017-167941,11-06-2017,11-09-2017,Second Class,JF-15565,Jill Fjeld,Consumer,United States,Fayetteville,North Carolina,28314,South,OFF-BI-10002827,Office Supplies,Binders,Avery Durable Poly Binders,13.272,8,0.7,-10.6176
3000,CA-2014-138317,6/21/2014,6/25/2014,Standard Class,NW-18400,Natalie Webber,Consumer,United States,Philadelphia,Pennsylvania,19120,East,TEC-MA-10004521,Technology,Machines,Epson Perfection V600 Photo Scanner,206.991,3,0.7,-172.4925
3002,CA-2014-138317,6/21/2014,6/25/2014,Standard Class,NW-18400,Natalie Webber,Consumer,United States,Philadelphia,Pennsylvania,19120,East,OFF-BI-10000069,Office Supplies,Binders,"GBC Prepunched Paper, 19-Hole, for Binding Systems, 24-lb",9.006,2,0.7,-7.2048
3011,CA-2017-134845,4/17/2017,4/23/2017,Standard Class,SR-20425,Sharelle Roach,Home Office,United States,Louisville,Colorado,80027,West,OFF-BI-10000773,Office Supplies,Binders,Insertable Tab Post Binder Dividers,12.03,5,0.7,-9.223
3012,CA-2017-134845,4/17/2017,4/23/2017,Standard Class,SR-20425,Sharelle Roach,Home Office,United States,Louisville,Colorado,80027,West,TEC-MA-10000822,Technology,Machines,Lexmark MX611dhe Monochrome Laser Printer,2549.985,5,0.7,-3399.98
3013,CA-2017-134845,4/17/2017,4/23/2017,Standard Class,SR-20425,Sharelle Roach,Home Office,United States,Louisville,Colorado,80027,West,OFF-BI-10001543,Office Supplies,Binders,GBC VeloBinder Manual Binding System,21.594,2,0.7,-15.8356
3014,CA-2017-134845,4/17/2017,4/23/2017,Standard Class,SR-20425,Sharelle Roach,Home Office,United States,Louisville,Colorado,80027,West,OFF-BI-10003355,Office Supplies,Binders,Cardinal Holdit Business Card Pockets,8.964,6,0.7,-6.5736
3018,US-2016-160528,8/23/2016,8/30/2016,Standard Class,MH-18115,Mick Hernandez,Home Office,United States,Pharr,Texas,78577,Central,FUR-FU-10004973,Furniture,Furnishings,Flat Face Poster Frame,22.608,3,0.6,-10.1736
3077,CA-2014-143903,7/20/2014,7/24/2014,Standard Class,KM-16375,Katherine Murray,Home Office,United States,Dallas,Texas,75217,Central,FUR-FU-10003724,Furniture,Furnishings,Westinghouse Clip-On Gooseneck Lamps,16.74,5,0.6,-14.229
3085,CA-2017-118773,02-09-2017,2/14/2017,Standard Class,TP-21415,Tom Prescott,Consumer,United States,Houston,Texas,77070,Central,OFF-BI-10004584,Office Supplies,Binders,GBC ProClick 150 Presentation Binding System,252.784,4,0.8,-417.0936
3087,CA-2017-118773,02-09-2017,2/14/2017,Standard Class,TP-21415,Tom Prescott,Consumer,United States,Houston,Texas,77070,Central,FUR-FU-10000550,Furniture,Furnishings,Stacking Trays by OIC,3.984,2,0.6,-2.6892
3088,CA-2017-118773,02-09-2017,2/14/2017,Standard Class,TP-21415,Tom Prescott,Consumer,United States,Houston,Texas,77070,Central,OFF-AP-10000055,Office Supplies,Appliances,Belkin F9S820V06 8 Outlet Surge,12.992,2,0.8,-32.48
3097,CA-2015-114468,8/23/2015,8/23/2015,Same Day,TD-20995,Tamara Dahlen,Consumer,United States,Bolingbrook,Illinois,60440,Central,OFF-AP-10000696,Office Supplies,Appliances,Holmes Odor Grabber,5.768,2,0.8,-13.5548
3104,CA-2016-124562,12-08-2016,12-12-2016,Standard Class,JP-16135,Julie Prescott,Home Office,United States,Columbus,Ohio,43229,East,OFF-BI-10001267,Office Supplies,Binders,"Universal Recycled Hanging Pressboard Report Binders, Letter Size",12.957,7,0.7,-9.5018
3123,CA-2015-121720,06-11-2015,06-12-2015,First Class,JE-15610,Jim Epp,Corporate,United States,Lakeland,Florida,33801,South,OFF-BI-10004593,Office Supplies,Binders,Ibico Laser Imprintable Binding System Covers,78.6,5,0.7,-62.88
3124,CA-2015-121720,06-11-2015,06-12-2015,First Class,JE-15610,Jim Epp,Corporate,United States,Lakeland,Florida,33801,South,OFF-BI-10001308,Office Supplies,Binders,GBC Standard Plastic Binding Systems' Combs,3.768,2,0.7,-3.14
3135,CA-2017-164168,11-12-2017,11/18/2017,Standard Class,LS-16975,Lindsay Shagiari,Home Office,United States,Dallas,Texas,75081,Central,OFF-BI-10000666,Office Supplies,Binders,Surelock Post Binders,30.56,5,0.8,-45.84
3140,CA-2017-164168,11-12-2017,11/18/2017,Standard Class,LS-16975,Lindsay Shagiari,Home Office,United States,Dallas,Texas,75081,Central,FUR-FU-10001756,Furniture,Furnishings,"Eldon Expressions Desk Accessory, Wood Photo Frame, Mahogany",22.848,3,0.6,-17.7072
3142,US-2014-122959,12-12-2014,12-12-2014,Same Day,CY-12745,Craig Yedwab,Corporate,United States,San Antonio,Texas,78207,Central,OFF-BI-10003650,Office Supplies,Binders,GBC DocuBind 300 Electric Binding Machine,210.392,2,0.8,-336.6272
3152,CA-2015-147830,12/15/2015,12/18/2015,First Class,NF-18385,Natalie Fritzler,Consumer,United States,Newark,Ohio,43055,East,TEC-MA-10000418,Technology,Machines,Cubify CubeX 3D Printer Double Head Print,1799.994,2,0.7,-2639.9912
3161,US-2014-150924,09-12-2014,9/16/2014,Second Class,PT-19090,Pete Takahito,Consumer,United States,Houston,Texas,77070,Central,OFF-BI-10004040,Office Supplies,Binders,Wilson Jones Impact Binders,5.18,5,0.8,-8.029
3172,US-2016-133879,3/21/2016,3/28/2016,Standard Class,KT-16465,Kean Takahito,Consumer,United States,Chicago,Illinois,60623,Central,OFF-BI-10004465,Office Supplies,Binders,Avery Durable Slant Ring Binders,3.168,2,0.8,-4.752
3176,US-2017-132059,9/23/2017,9/29/2017,Standard Class,AP-10915,Arthur Prichep,Consumer,United States,Fort Collins,Colorado,80525,West,FUR-BO-10001811,Furniture,Bookcases,"Atlantic Metals Mobile 5-Shelf Bookcases, Custom Colors",180.588,2,0.7,-240.784
3186,CA-2014-123498,11-07-2014,11-09-2014,First Class,TC-20980,Tamara Chand,Corporate,United States,Houston,Texas,77041,Central,OFF-BI-10000632,Office Supplies,Binders,Satellite Sectional Post Binders,26.046,3,0.8,-44.2782
3193,CA-2017-158953,06-04-2017,06-08-2017,Standard Class,ML-18040,Michelle Lonsdale,Corporate,United States,Missouri City,Texas,77489,Central,OFF-BI-10002557,Office Supplies,Binders,Presstex Flexible Ring Binders,6.37,7,0.8,-9.555
3194,CA-2014-165428,09-01-2014,09-04-2014,First Class,JL-15130,Jack Lebron,Consumer,United States,Houston,Texas,77036,Central,OFF-BI-10002949,Office Supplies,Binders,Prestige Round Ring Binders,3.648,3,0.8,-6.0192
3198,CA-2015-149384,07-10-2015,07-10-2015,Same Day,EH-13945,Eric Hoffmann,Consumer,United States,Tempe,Arizona,85281,West,OFF-BI-10003196,Office Supplies,Binders,Accohide Poly Flexible Ring Binders,3.366,3,0.7,-2.244
3212,US-2017-108245,9/22/2017,9/27/2017,Standard Class,SH-19975,Sally Hughsby,Corporate,United States,Pearland,Texas,77581,Central,OFF-BI-10000773,Office Supplies,Binders,Insertable Tab Post Binder Dividers,11.228,7,0.8,-18.5262
3232,US-2017-156356,4/16/2017,4/22/2017,Standard Class,ND-18370,Natalie DeCherney,Consumer,United States,Houston,Texas,77095,Central,OFF-BI-10000632,Office Supplies,Binders,Satellite Sectional Post Binders,26.046,3,0.8,-44.2782
3233,US-2017-156356,4/16/2017,4/22/2017,Standard Class,ND-18370,Natalie DeCherney,Consumer,United States,Houston,Texas,77095,Central,OFF-BI-10001107,Office Supplies,Binders,"GBC White Gloss Covers, Plain Front",2.896,1,0.8,-4.7784
3241,US-2016-127971,11/20/2016,11/27/2016,Standard Class,DW-13195,David Wiener,Corporate,United States,Houston,Texas,77095,Central,FUR-FU-10000023,Furniture,Furnishings,Eldon Wave Desk Accessories,7.068,3,0.6,-2.8272
3243,CA-2017-114524,3/31/2017,04-05-2017,Second Class,EG-13900,Emily Grady,Consumer,United States,Chicago,Illinois,60623,Central,OFF-BI-10002799,Office Supplies,Binders,"SlimView Poly Binder, 3/8""",13.468,13,0.8,-22.8956
3259,US-2016-161844,12-09-2016,12/14/2016,Second Class,DK-12835,Damala Kotsonis,Corporate,United States,Franklin,Tennessee,37064,South,OFF-BI-10003712,Office Supplies,Binders,"Acco Pressboard Covers with Storage Hooks, 14 7/8"" x 11"", Light Blue",2.946,2,0.7,-2.0622
3260,US-2016-162103,11/13/2016,11/17/2016,Standard Class,LB-16795,Laurel Beltran,Home Office,United States,Highland Park,Illinois,60035,Central,OFF-BI-10000285,Office Supplies,Binders,XtraLife ClearVue Slant-D Ring Binders by Cardinal,3.136,2,0.8,-4.704
3285,CA-2014-103702,09-12-2014,9/17/2014,Standard Class,AF-10885,Art Foster,Consumer,United States,Fairfield,Ohio,45014,East,OFF-BI-10002429,Office Supplies,Binders,"Premier Elliptical Ring Binder, Black",63.924,7,0.7,-46.8776
3295,CA-2014-138023,8/15/2014,8/18/2014,First Class,KH-16510,Keith Herrera,Consumer,United States,Dallas,Texas,75081,Central,OFF-BI-10003638,Office Supplies,Binders,GBC Durable Plastic Covers,30.96,8,0.8,-52.632
3297,US-2015-110569,5/23/2015,5/30/2015,Standard Class,EB-13870,Emily Burns,Consumer,United States,Phoenix,Arizona,85023,West,OFF-BI-10001036,Office Supplies,Binders,Cardinal EasyOpen D-Ring Binders,19.194,7,0.7,-12.796
3300,US-2014-159926,11/18/2014,11/22/2014,Standard Class,CS-11950,Carlos Soltero,Consumer,United States,Philadelphia,Pennsylvania,19140,East,OFF-BI-10003656,Office Supplies,Binders,Fellowes PB200 Plastic Comb Binding Machine,50.997,1,0.7,-40.7976
3304,US-2014-159926,11/18/2014,11/22/2014,Standard Class,CS-11950,Carlos Soltero,Consumer,United States,Philadelphia,Pennsylvania,19140,East,OFF-BI-10004656,Office Supplies,Binders,Peel & Stick Add-On Corner Pockets,1.944,3,0.7,-1.4256
3308,CA-2014-104738,12/30/2014,01-01-2015,Second Class,SP-20620,Stefania Perrino,Corporate,United States,Laredo,Texas,78041,Central,OFF-BI-10002160,Office Supplies,Binders,Acco Hanging Data Binders,2.286,3,0.8,-3.6576
3317,CA-2017-161739,11-10-2017,11/15/2017,Second Class,EB-13750,Edward Becker,Corporate,United States,Round Rock,Texas,78664,Central,FUR-FU-10001468,Furniture,Furnishings,Tenex Antistatic Computer Chair Mats,341.96,5,0.6,-427.45
3325,CA-2014-165309,11-11-2014,11/15/2014,Standard Class,KD-16270,Karen Daniels,Consumer,United States,Houston,Texas,77095,Central,OFF-BI-10001359,Office Supplies,Binders,GBC DocuBind TL300 Electric Binding System,896.99,5,0.8,-1480.0335
3326,CA-2014-165309,11-11-2014,11/15/2014,Standard Class,KD-16270,Karen Daniels,Consumer,United States,Houston,Texas,77095,Central,OFF-BI-10001267,Office Supplies,Binders,"Universal Recycled Hanging Pressboard Report Binders, Letter Size",1.234,1,0.8,-1.9744
3334,CA-2017-122595,12/14/2017,12/20/2017,Standard Class,GM-14455,Gary Mitchum,Home Office,United States,Chicago,Illinois,60653,Central,FUR-FU-10002963,Furniture,Furnishings,"Master Caster Door Stop, Gray",2.032,1,0.6,-1.3208
3346,CA-2016-145982,8/27/2016,09-01-2016,Second Class,,Ted Butterfield,Consumer,United States,Quincy,Massachusetts,2169,East,OFF-FA-10000735,Office Supplies,Fasteners,Staples,11.68,4,0.0,5.256
3349,CA-2017-154732,11-05-2017,11-07-2017,First Class,AH-10195,Alan Haines,Corporate,United States,Chicago,Illinois,60623,Central,OFF-BI-10000474,Office Supplies,Binders,Avery Recycled Flexi-View Covers for Binding Systems,16.03,5,0.8,-25.648
3359,CA-2016-139234,05-06-2016,05-10-2016,Standard Class,AF-10870,Art Ferguson,Consumer,United States,Chicago,Illinois,60610,Central,OFF-BI-10000773,Office Supplies,Binders,Insertable Tab Post Binder Dividers,3.208,2,0.8,-5.2932
3365,CA-2016-130050,7/16/2016,7/18/2016,Second Class,MC-17425,Mark Cousins,Corporate,United States,Houston,Texas,77036,Central,FUR-FU-10001940,Furniture,Furnishings,Staple-based wall hangings,9.552,3,0.6,-3.8208
3379,CA-2017-142867,3/17/2017,3/21/2017,Standard Class,PO-19180,Philisse Overcash,Home Office,United States,Houston,Texas,77095,Central,OFF-BI-10003166,Office Supplies,Binders,GBC Plasticlear Binding Covers,13.776,6,0.8,-22.0416
3389,CA-2017-148404,10-07-2017,10-11-2017,Standard Class,Dp-13240,Dean percer,Home Office,United States,Charlotte,North Carolina,28205,South,OFF-BI-10002854,Office Supplies,Binders,"Performers Binder/Pad Holder, Black",50.454,6,0.7,-33.636
3394,CA-2014-105340,11/22/2014,11/25/2014,First Class,EH-14185,Evan Henry,Consumer,United States,Pasadena,Texas,77506,Central,OFF-BI-10001765,Office Supplies,Binders,Wilson Jones Heavy-Duty Casebound Ring Binders with Metal Hinges,6.928,1,0.8,-11.0848
3403,CA-2015-129700,05-04-2015,05-05-2015,First Class,LA-16780,Laura Armstrong,Corporate,United States,Tinley Park,Illinois,60477,Central,FUR-FU-10001940,Furniture,Furnishings,Staple-based wall hangings,22.288,7,0.6,-8.9152
3404,CA-2017-168739,5/29/2017,06-05-2017,Standard Class,HZ-14950,Henia Zydlo,Consumer,United States,Houston,Texas,77095,Central,FUR-FU-10003919,Furniture,Furnishings,Eldon Executive Woodline II Cherry Finish Desk Accessories,65.424,4,0.6,-52.3392
3408,US-2014-150119,4/23/2014,4/27/2014,Standard Class,LB-16795,Laurel Beltran,Home Office,United States,Columbus,Ohio,43229,East,OFF-BI-10000145,Office Supplies,Binders,Zipper Ring Binder Pockets,7.488,8,0.7,-5.2416
3436,US-2015-100531,9/27/2015,9/29/2015,First Class,NM-18520,Neoma Murray,Consumer,United States,Chicago,Illinois,60610,Central,OFF-BI-10001670,Office Supplies,Binders,Vinyl Sectional Post Binders,15.08,2,0.8,-22.62
3437,US-2015-100531,9/27/2015,9/29/2015,First Class,NM-18520,Neoma Murray,Consumer,United States,Chicago,Illinois,60610,Central,FUR-FU-10003849,Furniture,Furnishings,"DAX Metal Frame, Desktop, Stepped-Edge",24.288,3,0.6,-12.7512
3438,CA-2017-152583,10/30/2017,10/30/2017,Same Day,RA-19945,Ryan Akin,Consumer,United States,Dallas,Texas,75217,Central,FUR-FU-10003849,Furniture,Furnishings,"DAX Metal Frame, Desktop, Stepped-Edge",16.192,2,0.6,-8.5008
3459,CA-2017-136448,9/16/2017,9/18/2017,First Class,AS-10090,Adam Shillingsburg,Consumer,United States,Philadelphia,Pennsylvania,19143,East,OFF-BI-10002393,Office Supplies,Binders,Binder Posts,3.444,2,0.7,-2.7552
3460,CA-2017-136448,9/16/2017,9/18/2017,First Class,AS-10090,Adam Shillingsburg,Consumer,United States,Philadelphia,Pennsylvania,19143,East,OFF-BI-10001359,Office Supplies,Binders,GBC DocuBind TL300 Electric Binding System,538.194,2,0.7,-412.6154
3507,CA-2014-166863,6/20/2014,6/24/2014,Standard Class,SC-20020,Sam Craven,Consumer,United States,Plano,Texas,75023,Central,OFF-BI-10000756,Office Supplies,Binders,Storex DuraTech Recycled Plastic Frosted Binders,3.392,4,0.8,-5.088
3546,CA-2017-121216,12/23/2017,12/25/2017,Second Class,MM-17920,Michael Moore,Consumer,United States,College Station,Texas,77840,Central,OFF-AP-10001947,Office Supplies,Appliances,Acco 6 Outlet Guardian Premium Plus Surge Suppressor,29.312,8,0.8,-74.7456
3554,CA-2017-107832,11/23/2017,11/26/2017,Second Class,FH-14275,Frank Hawley,Corporate,United States,Philadelphia,Pennsylvania,19120,East,OFF-BI-10001658,Office Supplies,Binders,GBC Standard Therm-A-Bind Covers,7.476,1,0.7,-5.9808
3562,CA-2017-109757,09-04-2017,09-09-2017,Second Class,MD-17350,Maribeth Dona,Consumer,United States,Akron,Ohio,44312,East,OFF-BI-10004001,Office Supplies,Binders,GBC Recycled VeloBinder Covers,25.56,5,0.7,-20.448
3563,CA-2017-109757,09-04-2017,09-09-2017,Second Class,MD-17350,Maribeth Dona,Consumer,United States,Akron,Ohio,44312,East,OFF-BI-10001634,Office Supplies,Binders,Wilson Jones Active Use Binders,4.368,2,0.7,-3.0576
3568,CA-2016-137176,09-09-2016,9/14/2016,Second Class,DB-12910,Daniel Byrd,Home Office,United States,Dallas,Texas,75220,Central,FUR-FU-10003832,Furniture,Furnishings,"Eldon Expressions Punched Metal & Wood Desk Accessories, Black & Cherry",15.008,4,0.6,-12.0064
3594,CA-2016-164154,09-11-2016,9/17/2016,Standard Class,NZ-18565,Nick Zandusky,Home Office,United States,Toledo,Ohio,43615,East,OFF-BI-10001658,Office Supplies,Binders,GBC Standard Therm-A-Bind Covers,22.428,3,0.7,-17.9424
3616,CA-2017-112529,11/19/2017,11/21/2017,First Class,SC-20770,Stewart Carmichael,Corporate,United States,San Antonio,Texas,78207,Central,OFF-AR-10001915,Office Supplies,Art,Peel-Off China Markers,31.776,0,0.2,8.7384
3617,CA-2016-154536,09-05-2016,09-09-2016,Standard Class,JC-15340,Jasper Cacioppo,Consumer,United States,Philadelphia,Pennsylvania,19120,East,OFF-BI-10004410,Office Supplies,Binders,"C-Line Peel & Stick Add-On Filing Pockets, 8-3/4 x 5-1/8, 10/Pack",9.555,5,0.7,-7.3255
3642,CA-2016-145177,11-10-2016,11/14/2016,Standard Class,PP-18955,Paul Prost,Home Office,United States,Springfield,Ohio,45503,East,OFF-BI-10002082,Office Supplies,Binders,GBC Twin Loop Wire Binding Elements,69.888,7,0.7,-46.592
3649,CA-2015-168459,11/22/2015,11/27/2015,Standard Class,MC-17275,Marc Crier,Consumer,United States,Memphis,Tennessee,38109,South,OFF-BI-10003712,Office Supplies,Binders,"Acco Pressboard Covers with Storage Hooks, 14 7/8"" x 11"", Light Blue",2.946,2,0.7,-2.0622
3666,CA-2014-129364,12-08-2014,12/13/2014,Standard Class,TB-21250,Tim Brockman,Consumer,United States,Salem,Oregon,97301,West,OFF-BI-10001132,Office Supplies,Binders,"Acco PRESSTEX Data Binder with Storage Hooks, Dark Blue, 9 1/2"" X 11""",6.456,4,0.7,-4.5192
3674,CA-2016-104969,04-08-2016,4/14/2016,Standard Class,EH-14125,Eugene Hildebrand,Home Office,United States,Troy,Ohio,45373,East,OFF-BI-10004224,Office Supplies,Binders,Catalog Binders with Expanding Posts,121.104,6,0.7,-100.92
3688,CA-2016-108567,5/20/2016,5/24/2016,Standard Class,DB-13210,Dean Braden,Consumer,United States,Port Saint Lucie,Florida,34952,South,OFF-BI-10004140,Office Supplies,Binders,Avery Non-Stick Binders,2.694,2,0.7,-2.245
3691,US-2015-131359,10/30/2015,11-02-2015,Second Class,FA-14230,Frank Atkinson,Corporate,United States,Denver,Colorado,80219,West,TEC-MA-10000597,Technology,Machines,Lexmark S315 Color Inkjet Printer,59.994,2,0.7,-45.9954
3708,CA-2014-120544,11/23/2014,11/27/2014,Standard Class,SS-20140,Saphhira Shifley,Corporate,United States,Mesquite,Texas,75150,Central,FUR-FU-10001940,Furniture,Furnishings,Staple-based wall hangings,6.368,2,0.6,-2.5472
3709,CA-2014-120544,11/23/2014,11/27/2014,Standard Class,SS-20140,Saphhira Shifley,Corporate,United States,Mesquite,Texas,75150,Central,OFF-AP-10004336,Office Supplies,Appliances,"Conquest 14 Commercial Heavy-Duty Upright Vacuum, Collection System, Accessory Kit",34.176,3,0.8,-87.1488
3724,US-2014-169789,12/30/2014,01-04-2015,Standard Class,MF-17665,Maureen Fritzler,Corporate,United States,Phoenix,Arizona,85023,West,OFF-BI-10004600,Office Supplies,Binders,Ibico Ibimaster 300 Manual Binding System,551.985,5,0.7,-459.9875
3765,CA-2017-125878,2/25/2017,03-02-2017,Standard Class,MH-18025,Michelle Huthwaite,Consumer,United States,Chicago,Illinois,60623,Central,OFF-BI-10002609,Office Supplies,Binders,Avery Hidden Tab Dividers for Binding Systems,1.788,3,0.8,-3.0396
3786,CA-2017-112487,12/26/2017,12/30/2017,Standard Class,TC-21535,Tracy Collins,Home Office,United States,Columbus,Ohio,43229,East,OFF-BI-10000494,Office Supplies,Binders,Acco Economy Flexible Poly Round Ring Binder,3.132,2,0.7,-2.61
3792,CA-2015-111325,2/27/2015,2/28/2015,First Class,BT-11395,Bill Tyler,Corporate,United States,Altoona,Pennsylvania,16602,East,OFF-BI-10000343,Office Supplies,Binders,"Pressboard Covers with Storage Hooks, 9 1/2"" x 11"", Light Blue",4.419,3,0.7,-3.3879
3808,CA-2015-113628,11-12-2015,11/19/2015,Standard Class,AH-10690,Anna Häberlin,Corporate,United States,Plantation,Florida,33317,South,OFF-BI-10003291,Office Supplies,Binders,Wilson Jones Leather-Like Binders with DublLock Round Rings,5.238,2,0.7,-4.0158
3809,CA-2015-113628,11-12-2015,11/19/2015,Standard Class,AH-10690,Anna Häberlin,Corporate,United States,Plantation,Florida,33317,South,OFF-BI-10002799,Office Supplies,Binders,"SlimView Poly Binder, 3/8""",4.662,3,0.7,-3.7296
3832,US-2015-111927,11/14/2015,11/19/2015,Standard Class,,Lycoris Saunders,Consumer,United States,Dover,Delaware,19901,East,FUR-FU-10004017,Furniture,Furnishings,"Executive Impressions 13"" Chairman Wall Clock",76.14,3,0.0,26.649
3853,CA-2017-130526,11/26/2017,11/29/2017,First Class,GT-14755,Guy Thornton,Consumer,United States,Rockford,Illinois,61107,Central,OFF-BI-10001524,Office Supplies,Binders,GBC Premium Transparent Covers with Diagonal Lined Pattern,33.568,8,0.8,-53.7088
3856,US-2017-105389,10/23/2017,10/28/2017,Second Class,DM-13015,Darrin Martin,Consumer,United States,San Antonio,Texas,78207,Central,OFF-BI-10004364,Office Supplies,Binders,Storex Dura Pro Binders,3.564,3,0.8,-6.237
3865,CA-2015-157133,11/28/2015,12-03-2015,Standard Class,LC-16885,Lena Creighton,Consumer,United States,Champaign,Illinois,61821,Central,FUR-FU-10004904,Furniture,Furnishings,"Eldon ""L"" Workstation Diamond Chairmat",151.96,5,0.6,-182.352
3875,CA-2016-136231,09-05-2016,09-07-2016,Second Class,DM-13015,Darrin Martin,Consumer,United States,Johnson City,Tennessee,37604,South,OFF-BI-10001597,Office Supplies,Binders,"Wilson Jones Ledger-Size, Piano-Hinge Binder, 2"", Blue",86.058,7,0.7,-63.1092
3878,CA-2016-140641,10/28/2016,11-02-2016,Standard Class,EP-13915,Emily Phan,Consumer,United States,Tampa,Florida,33614,South,OFF-BI-10001191,Office Supplies,Binders,Canvas Sectional Post Binders,38.19,5,0.7,-26.733
3886,US-2017-127341,1/29/2017,02-02-2017,Standard Class,CK-12595,Clytie Kelty,Consumer,United States,Chicago,Illinois,60653,Central,OFF-BI-10001072,Office Supplies,Binders,"GBC Clear Cover, 8-1/2 x 11, unpunched, 25 covers per pack",12.128,4,0.8,-20.6176
3895,US-2014-112200,11/22/2014,11/28/2014,Standard Class,TC-21475,Tony Chapman,Home Office,United States,Bolingbrook,Illinois,60440,Central,OFF-BI-10002571,Office Supplies,Binders,"Avery Framed View Binder, EZD Ring (Locking), Navy, 1 1/2""",9.98,5,0.8,-16.467
3906,CA-2015-167010,04-05-2015,04-10-2015,Standard Class,VT-21700,Valerie Takahito,Home Office,United States,Philadelphia,Pennsylvania,19143,East,OFF-BI-10002072,Office Supplies,Binders,Cardinal Slant-D Ring Binders,10.428,4,0.7,-6.952
3918,US-2017-142573,7/18/2017,7/23/2017,Standard Class,ML-17410,Maris LaWare,Consumer,United States,Phoenix,Arizona,85023,West,OFF-BI-10003350,Office Supplies,Binders,Acco Expandable Hanging Binders,7.656,4,0.7,-6.1248
3958,CA-2016-156573,5/29/2016,06-02-2016,Standard Class,RB-19360,Raymond Buch,Consumer,United States,Nashville,Tennessee,37211,South,OFF-BI-10002414,Office Supplies,Binders,GBC ProClick Spines for 32-Hole Punch,11.277,3,0.7,-8.6457
3968,CA-2016-146010,5/20/2016,5/23/2016,First Class,EH-14125,Eugene Hildebrand,Home Office,United States,Colorado Springs,Colorado,80906,West,OFF-BI-10003638,Office Supplies,Binders,GBC Durable Plastic Covers,40.635,7,0.7,-32.508
3969,US-2015-163685,06-01-2015,06-05-2015,Standard Class,KE-16420,Katrina Edelman,Corporate,United States,San Antonio,Texas,78207,Central,OFF-BI-10001890,Office Supplies,Binders,Avery Poly Binder Pockets,5.728,8,0.8,-9.1648
4029,CA-2017-139311,08-11-2017,8/13/2017,First Class,SF-20965,Sylvia Foulston,Corporate,United States,Bedford,Texas,76021,Central,OFF-BI-10004209,Office Supplies,Binders,"Fellowes Twister Kit, Gray/Clear, 3/pkg",12.864,8,0.8,-22.512
4035,US-2016-108777,12-12-2016,12-12-2016,Same Day,JM-15655,Jim Mitchum,Corporate,United States,Lorain,Ohio,44052,East,OFF-BI-10003982,Office Supplies,Binders,Wilson Jones Century Plastic Molded Ring Binders,18.693,3,0.7,-14.3313
4046,CA-2015-136378,04-02-2015,04-07-2015,Standard Class,CS-11845,Cari Sayre,Corporate,United States,Houston,Texas,77070,Central,OFF-BI-10003707,Office Supplies,Binders,Aluminum Screw Posts,9.156,3,0.8,-13.734
4047,CA-2017-100356,10/21/2017,10/25/2017,Standard Class,SP-20920,Susan Pistek,Consumer,United States,Chicago,Illinois,60653,Central,OFF-AP-10002191,Office Supplies,Appliances,Belkin 8 Outlet SurgeMaster II Gold Surge Protector,23.992,2,0.8,-62.3792
4070,CA-2016-145303,8/28/2016,8/31/2016,First Class,TP-21415,Tom Prescott,Consumer,United States,Dallas,Texas,75081,Central,OFF-BI-10000050,Office Supplies,Binders,"Angle-D Binders with Locking Rings, Label Holders",13.14,9,0.8,-21.681
4071,CA-2016-145303,8/28/2016,8/31/2016,First Class,TP-21415,Tom Prescott,Consumer,United States,Dallas,Texas,75081,Central,OFF-BI-10002414,Office Supplies,Binders,GBC ProClick Spines for 32-Hole Punch,10.024,4,0.8,-16.5396
4082,CA-2016-140417,9/25/2016,9/29/2016,Standard Class,KE-16420,Katrina Edelman,Corporate,United States,Tigard,Oregon,97224,West,OFF-BI-10004828,Office Supplies,Binders,GBC Poly Designer Binding Covers,5.022,1,0.7,-3.5154
4083,US-2017-151316,6/24/2017,6/30/2017,Standard Class,MC-17635,Matthew Clasen,Corporate,United States,Decatur,Illinois,62521,Central,OFF-BI-10004632,Office Supplies,Binders,Ibico Hi-Tech Manual Binding System,182.994,3,0.8,-320.2395
4085,CA-2017-163692,09-07-2017,09-09-2017,First Class,Dp-13240,Dean percer,Home Office,United States,Phoenix,Arizona,85023,West,OFF-BI-10003291,Office Supplies,Binders,Wilson Jones Leather-Like Binders with DublLock Round Rings,7.857,3,0.7,-6.0237
4101,US-2017-102288,6/19/2017,6/23/2017,Standard Class,ZC-21910,Zuschuss Carroll,Consumer,United States,Houston,Texas,77095,Central,OFF-AP-10004655,Office Supplies,Appliances,"Holmes Visible Mist Ultrasonic Humidifier with 2.3-Gallon Output per Day, Replacement Filter",2.264,1,0.8,-5.2072
4102,US-2017-102288,6/19/2017,6/23/2017,Standard Class,ZC-21910,Zuschuss Carroll,Consumer,United States,Houston,Texas,77095,Central,OFF-AP-10002906,Office Supplies,Appliances,Hoover Replacement Belt for Commercial Guardsman Heavy-Duty Upright Vacuum,0.444,1,0.8,-1.11
4107,US-2016-148334,8/22/2016,8/26/2016,Standard Class,DD-13570,Dorothy Dickinson,Consumer,United States,Houston,Texas,77041,Central,OFF-BI-10003676,Office Supplies,Binders,"GBC Standard Recycled Report Covers, Clear Plastic Sheets",4.312,2,0.8,-6.8992
4131,CA-2014-115336,11/18/2014,11/25/2014,Standard Class,AB-10600,Ann Blume,Corporate,United States,Chicago,Illinois,60623,Central,OFF-BI-10001107,Office Supplies,Binders,"GBC White Gloss Covers, Plain Front",14.48,5,0.8,-23.892
4139,CA-2016-117226,12/30/2016,01-01-2017,First Class,KD-16495,Keith Dawkins,Corporate,United States,Deer Park,Texas,77536,Central,OFF-BI-10004654,Office Supplies,Binders,Avery Binding System Hidden Tab Executive Style Index Sets,6.924,6,0.8,-10.386
4148,CA-2017-106068,10/23/2017,10/28/2017,Standard Class,RB-19330,Randy Bradley,Consumer,United States,Austin,Texas,78745,Central,OFF-BI-10000962,Office Supplies,Binders,"Acco Flexible ACCOHIDE Square Ring Data Binder, Dark Blue, 11 1/2"" X 14"" 7/8""",9.762,3,0.8,-15.1311
4155,CA-2016-139689,12/29/2016,01-03-2017,Standard Class,MP-17965,Michael Paige,Corporate,United States,Bristol,Tennessee,37620,South,OFF-BI-10004781,Office Supplies,Binders,GBC Wire Binding Strips,38.088,4,0.7,-27.9312
4156,CA-2016-139689,12/29/2016,01-03-2017,Standard Class,MP-17965,Michael Paige,Corporate,United States,Bristol,Tennessee,37620,South,OFF-BI-10000145,Office Supplies,Binders,Zipper Ring Binder Pockets,2.808,3,0.7,-1.9656
4158,CA-2015-101091,12-05-2015,12-09-2015,Second Class,SW-20245,Scot Wooten,Consumer,United States,Philadelphia,Pennsylvania,19140,East,OFF-BI-10001107,Office Supplies,Binders,"GBC White Gloss Covers, Plain Front",26.064,6,0.7,-19.9824
4181,CA-2017-128426,10-07-2017,10-11-2017,Standard Class,JK-15730,Joe Kamberova,Consumer,United States,Houston,Texas,77036,Central,OFF-BI-10000756,Office Supplies,Binders,Storex DuraTech Recycled Plastic Frosted Binders,4.24,5,0.8,-6.36
4187,CA-2017-112536,5/18/2017,5/23/2017,Standard Class,SG-20890,Susan Gilcrest,Corporate,United States,Mcallen,Texas,78501,Central,OFF-BI-10003712,Office Supplies,Binders,"Acco Pressboard Covers with Storage Hooks, 14 7/8"" x 11"", Light Blue",6.874,7,0.8,-10.6547
4188,CA-2017-112536,5/18/2017,5/23/2017,Standard Class,SG-20890,Susan Gilcrest,Corporate,United States,Mcallen,Texas,78501,Central,OFF-BI-10002571,Office Supplies,Binders,"Avery Framed View Binder, EZD Ring (Locking), Navy, 1 1/2""",1.996,1,0.8,-3.2934
4199,US-2016-161683,12-03-2016,12-08-2016,Standard Class,CJ-12010,Caroline Jumper,Consumer,United States,Philadelphia,Pennsylvania,19134,East,OFF-BI-10001072,Office Supplies,Binders,"GBC Clear Cover, 8-1/2 x 11, unpunched, 25 covers per pack",18.192,4,0.7,-14.5536
4205,CA-2014-145387,10/31/2014,11-02-2014,Second Class,,Anne McFarland,Consumer,United States,Cranston,Rhode Island,2920,East,OFF-PA-10002195,Office Supplies,Paper,"RSVP Cards & Envelopes, Blank White, 8-1/2"" X 11"", 24 Cards/25 Envelopes/Set",10.16,2,0.0,4.7752
4225,CA-2016-108644,9/30/2016,10-03-2016,First Class,SJ-20215,Sarah Jordon,Consumer,United States,Quincy,Illinois,62301,Central,OFF-BI-10000343,Office Supplies,Binders,"Pressboard Covers with Storage Hooks, 9 1/2"" x 11"", Light Blue",1.964,2,0.8,-3.2406
4226,US-2014-102631,12/13/2014,12/17/2014,Standard Class,EB-13840,Ellis Ballard,Corporate,United States,Chicago,Illinois,60623,Central,FUR-FU-10003930,Furniture,Furnishings,Howard Miller 12-3/4 Diameter Accuwave DS  Wall Clock,94.428,3,0.6,-42.4926
4230,CA-2017-100223,07-05-2017,07-10-2017,Standard Class,LS-16945,Linda Southworth,Corporate,United States,Dallas,Texas,75220,Central,FUR-FU-10003601,Furniture,Furnishings,"Deflect-o RollaMat Studded, Beveled Mat for Medium Pile Carpeting",332.028,9,0.6,-348.6294
4231,CA-2017-100223,07-05-2017,07-10-2017,Standard Class,LS-16945,Linda Southworth,Corporate,United States,Dallas,Texas,75220,Central,OFF-BI-10003429,Office Supplies,Binders,"Cardinal HOLDit! Binder Insert Strips,Extra Strips",11.394,9,0.8,-17.6607
4234,CA-2017-100223,07-05-2017,07-10-2017,Standard Class,LS-16945,Linda Southworth,Corporate,United States,Dallas,Texas,75220,Central,OFF-BI-10004492,Office Supplies,Binders,Tuf-Vin Binders,6.316,1,0.8,-10.4214
4237,CA-2016-162404,7/23/2016,7/27/2016,Standard Class,NF-18475,Neil Französisch,Home Office,United States,Rockford,Illinois,61107,Central,OFF-BI-10000948,Office Supplies,Binders,"GBC Laser Imprintable Binding System Covers, Desert Sand",11.416,4,0.8,-18.8364
4256,CA-2017-163160,10/13/2017,10/16/2017,First Class,TS-21610,Troy Staebel,Consumer,United States,Freeport,Illinois,61032,Central,OFF-BI-10000778,Office Supplies,Binders,GBC VeloBinder Electric Binding Machine,96.784,4,0.8,-145.176
4257,CA-2017-163160,10/13/2017,10/16/2017,First Class,TS-21610,Troy Staebel,Consumer,United States,Freeport,Illinois,61032,Central,FUR-FU-10001424,Furniture,Furnishings,Dax Clear Box Frame,10.476,3,0.6,-6.8094
4258,CA-2015-101924,09-04-2015,09-09-2015,Standard Class,KB-16585,Ken Black,Corporate,United States,Medford,Oregon,97504,West,OFF-BI-10000962,Office Supplies,Binders,"Acco Flexible ACCOHIDE Square Ring Data Binder, Dark Blue, 11 1/2"" X 14"" 7/8""",9.762,2,0.7,-6.8334
4264,CA-2017-110429,11-03-2017,11-08-2017,Standard Class,DM-13015,Darrin Martin,Consumer,United States,Philadelphia,Pennsylvania,19143,East,OFF-BI-10000216,Office Supplies,Binders,"Mead 1st Gear 2"" Zipper Binder, Asst. Colors",11.673,3,0.7,-7.782
4266,US-2016-131611,11-05-2016,11-09-2016,Standard Class,EP-13915,Emily Phan,Consumer,United States,Houston,Texas,77036,Central,OFF-BI-10004364,Office Supplies,Binders,Storex Dura Pro Binders,3.564,3,0.8,-6.237
4268,US-2016-131611,11-05-2016,11-09-2016,Standard Class,EP-13915,Emily Phan,Consumer,United States,Houston,Texas,77036,Central,OFF-BI-10001989,Office Supplies,Binders,Premium Transparent Presentation Covers by GBC,12.588,3,0.8,-20.1408
4276,CA-2015-123456,07-09-2015,7/13/2015,Standard Class,KN-16450,Kean Nguyen,Corporate,United States,Dallas,Texas,75220,Central,OFF-AP-10002684,Office Supplies,Appliances,"Acco 7-Outlet Masterpiece Power Center, Wihtout Fax/Phone Line Protection",48.632,2,0.8,-121.58
4289,US-2015-117184,5/17/2015,5/21/2015,Standard Class,ON-18715,Odella Nelson,Corporate,United States,Houston,Texas,77095,Central,OFF-BI-10002082,Office Supplies,Binders,GBC Twin Loop Wire Binding Elements,33.28,5,0.8,-49.92
4322,US-2015-147662,2/14/2015,2/19/2015,Standard Class,KB-16315,Karl Braun,Consumer,United States,Akron,Ohio,44312,East,OFF-BI-10001658,Office Supplies,Binders,GBC Standard Therm-A-Bind Covers,14.952,2,0.7,-11.9616
4324,US-2015-147662,2/14/2015,2/19/2015,Standard Class,KB-16315,Karl Braun,Consumer,United States,Akron,Ohio,44312,East,OFF-BI-10002160,Office Supplies,Binders,Acco Hanging Data Binders,2.286,2,0.7,-1.6764
4349,CA-2017-169894,11/24/2017,11/29/2017,Second Class,MV-17485,Mark Van Huff,Consumer,United States,Mesa,Arizona,85204,West,OFF-BI-10004230,Office Supplies,Binders,GBC Recycled Grain Textured Covers,20.724,2,0.7,-15.1976
4355,CA-2017-153654,11/24/2017,11/26/2017,Second Class,MD-17860,Michael Dominguez,Corporate,United States,Asheville,North Carolina,28806,South,OFF-BI-10004465,Office Supplies,Binders,Avery Durable Slant Ring Binders,19.008,8,0.7,-12.672
4356,CA-2015-155600,12-04-2015,12-07-2015,Second Class,RO-19780,Rose O'Brian,Consumer,United States,Clarksville,Tennessee,37042,South,OFF-BI-10000545,Office Supplies,Binders,GBC Ibimaster 500 Manual ProClick Binding System,1598.058,7,0.7,-1065.372
4359,CA-2017-162565,12-11-2017,12-11-2017,Same Day,RR-19315,Ralph Ritter,Consumer,United States,Aurora,Illinois,60505,Central,FUR-FU-10004306,Furniture,Furnishings,Electrix Halogen Magnifier Lamp,77.72,1,0.6,-66.062
4383,US-2015-122784,7/20/2015,7/27/2015,Standard Class,RA-19915,Russell Applegate,Consumer,United States,Highland Park,Illinois,60035,Central,OFF-BI-10000546,Office Supplies,Binders,Avery Durable Binders,2.88,5,0.8,-4.464
4396,CA-2014-142965,7/20/2014,7/20/2014,Same Day,SW-20245,Scot Wooten,Consumer,United States,Springfield,Ohio,45503,East,OFF-BI-10000977,Office Supplies,Binders,Ibico Plastic Spiral Binding Combs,27.36,3,0.7,-21.888
4420,CA-2014-139633,12/17/2014,12/24/2014,Standard Class,EC-14050,Erin Creighton,Consumer,United States,Columbus,Ohio,43229,East,OFF-BI-10002954,Office Supplies,Binders,Newell 3-Hole Punched Plastic Slotted Magazine Holders for Binders,5.484,4,0.7,-4.0216
4436,CA-2016-163398,05-03-2016,05-08-2016,Standard Class,CB-12415,Christy Brittain,Consumer,United States,Chicago,Illinois,60653,Central,OFF-BI-10000014,Office Supplies,Binders,Heavy-Duty E-Z-D Binders,2.182,1,0.8,-3.6003
4438,CA-2016-163398,05-03-2016,05-08-2016,Standard Class,CB-12415,Christy Brittain,Consumer,United States,Chicago,Illinois,60653,Central,OFF-AP-10002403,Office Supplies,Appliances,Acco Smartsocket Color-Coded Six-Outlet AC Adapter Model Surge Protectors,26.406,3,0.8,-71.2962
4463,US-2017-125717,9/28/2017,10-01-2017,First Class,DS-13030,Darrin Sayre,Home Office,United States,Aurora,Colorado,80013,West,OFF-BI-10001718,Office Supplies,Binders,GBC DocuBind P50 Personal Binding Machine,76.776,4,0.7,-58.8616
4488,CA-2015-162621,09-05-2015,09-11-2015,Standard Class,CA-12055,Cathy Armstrong,Home Office,United States,Houston,Texas,77036,Central,OFF-BI-10000962,Office Supplies,Binders,"Acco Flexible ACCOHIDE Square Ring Data Binder, Dark Blue, 11 1/2"" X 14"" 7/8""",16.27,5,0.8,-25.2185
4490,CA-2015-162621,09-05-2015,09-11-2015,Standard Class,CA-12055,Cathy Armstrong,Home Office,United States,Houston,Texas,77036,Central,OFF-BI-10003708,Office Supplies,Binders,"Acco Four Pocket Poly Ring Binder with Label Holder, Smoke, 1""",4.47,3,0.8,-7.8225
4498,CA-2017-155075,12-02-2017,12-09-2017,Standard Class,GW-14605,Giulietta Weimer,Consumer,United States,Philadelphia,Pennsylvania,19140,East,OFF-BI-10003650,Office Supplies,Binders,GBC DocuBind 300 Electric Binding Machine,631.176,4,0.7,-462.8624
4513,CA-2016-118969,10-02-2016,10-03-2016,First Class,LP-17095,Liz Preis,Consumer,United States,Phoenix,Arizona,85023,West,OFF-BI-10002429,Office Supplies,Binders,"Premier Elliptical Ring Binder, Black",54.792,6,0.7,-40.1808
4530,CA-2016-134691,11/14/2016,11/18/2016,Standard Class,KC-16540,Kelly Collister,Consumer,United States,Houston,Texas,77041,Central,OFF-BI-10002393,Office Supplies,Binders,Binder Posts,2.296,2,0.8,-3.9032
4542,US-2017-132206,6/16/2017,6/21/2017,Standard Class,MK-17905,Michael Kennedy,Corporate,United States,Chicago,Illinois,60653,Central,OFF-BI-10000756,Office Supplies,Binders,Storex DuraTech Recycled Plastic Frosted Binders,5.936,7,0.8,-8.904
4547,CA-2015-126557,07-12-2015,7/17/2015,Second Class,RL-19615,Rob Lucas,Consumer,United States,Chicago,Illinois,60610,Central,OFF-BI-10003314,Office Supplies,Binders,Tuff Stuff Recycled Round Ring Binders,1.928,2,0.8,-2.9884
4549,CA-2015-126557,07-12-2015,7/17/2015,Second Class,RL-19615,Rob Lucas,Consumer,United States,Chicago,Illinois,60610,Central,FUR-FU-10001861,Furniture,Furnishings,"Floodlight Indoor Halogen Bulbs, 1 Bulb per Pack, 60 Watts",7.76,1,0.6,-2.134
4558,US-2017-117331,10/21/2017,10/28/2017,Standard Class,ND-18370,Natalie DeCherney,Consumer,United States,Glendale,Arizona,85301,West,OFF-BI-10003984,Office Supplies,Binders,Lock-Up Easel 'Spel-Binder',8.559,1,0.7,-6.5619
4567,US-2017-149510,12-03-2017,12-10-2017,Standard Class,MC-17575,Matt Collins,Consumer,United States,Fayetteville,North Carolina,28314,South,OFF-BI-10004233,Office Supplies,Binders,"GBC Pre-Punched Binding Paper, Plastic, White, 8-1/2"" x 11""",28.782,6,0.7,-21.1068
4569,CA-2015-111990,11-08-2015,11/13/2015,Standard Class,DB-13660,Duane Benoit,Consumer,United States,Houston,Texas,77095,Central,OFF-BI-10003291,Office Supplies,Binders,Wilson Jones Leather-Like Binders with DublLock Round Rings,10.476,6,0.8,-17.2854
4615,CA-2016-144540,09-05-2016,09-10-2016,Standard Class,GH-14410,Gary Hansen,Home Office,United States,Houston,Texas,77070,Central,OFF-AP-10002457,Office Supplies,Appliances,"Eureka The Boss Plus 12-Amp Hard Box Upright Vacuum, Red",62.79,3,0.8,-166.3935
4642,CA-2017-130141,10/22/2017,10/24/2017,Second Class,HA-14905,Helen Abelman,Consumer,United States,Fort Collins,Colorado,80525,West,OFF-BI-10000831,Office Supplies,Binders,Storex Flexible Poly Binders with Double Pockets,3.168,4,0.7,-2.5344
4665,CA-2016-116232,9/22/2016,9/26/2016,Standard Class,AC-10450,Amy Cox,Consumer,United States,Pembroke Pines,Florida,33024,South,OFF-BI-10004022,Office Supplies,Binders,Acco Suede Grain Vinyl Round Ring Binder,7.506,9,0.7,-6.0048
4669,US-2017-133200,05-06-2017,05-11-2017,Standard Class,DB-13555,Dorothy Badders,Corporate,United States,Fort Worth,Texas,76106,Central,OFF-BI-10002827,Office Supplies,Binders,Avery Durable Poly Binders,11.06,10,0.8,-18.802
4686,CA-2016-159912,8/29/2016,09-03-2016,Standard Class,GB-14530,George Bell,Corporate,United States,Philadelphia,Pennsylvania,19120,East,OFF-BI-10002071,Office Supplies,Binders,Fellowes Black Plastic Comb Bindings,3.486,2,0.7,-2.7888
4689,US-2017-154851,3/30/2017,04-03-2017,Standard Class,BP-11155,Becky Pak,Consumer,United States,Lancaster,Pennsylvania,17602,East,OFF-BI-10001525,Office Supplies,Binders,"Acco Pressboard Covers with Storage Hooks, 14 7/8"" x 11"", Executive Red",5.715,5,0.7,-4.7625
4703,CA-2017-140298,05-11-2017,5/17/2017,Standard Class,JK-16120,Julie Kriz,Home Office,United States,Austin,Texas,78745,Central,FUR-FU-10001967,Furniture,Furnishings,Telescoping Adjustable Floor Lamp,7.996,1,0.6,-6.9965
4704,CA-2016-166240,6/24/2016,6/28/2016,Standard Class,DH-13075,Dave Hallsten,Corporate,United States,Houston,Texas,77095,Central,OFF-AP-10002082,Office Supplies,Appliances,Holmes HEPA Air Purifier,8.712,2,0.8,-19.602
4712,CA-2014-112403,3/31/2014,3/31/2014,Same Day,JO-15280,Jas O'Carroll,Consumer,United States,Philadelphia,Pennsylvania,19120,East,OFF-BI-10003529,Office Supplies,Binders,Avery Round Ring Poly Binders,0.852,1,0.7,-0.5964
4714,CA-2014-108273,12/16/2014,12/21/2014,Standard Class,EJ-13720,Ed Jacobs,Consumer,United States,Huntsville,Texas,77340,Central,FUR-FU-10002116,Furniture,Furnishings,"Tenex Carpeted, Granite-Look or Clear Contemporary Contour Shape Chair Mats",56.568,2,0.6,-74.9526
4725,CA-2016-131968,11-11-2016,11/15/2016,Standard Class,LB-16795,Laurel Beltran,Home Office,United States,Apopka,Florida,32712,South,OFF-BI-10002852,Office Supplies,Binders,Ibico Standard Transparent Covers,9.888,2,0.7,-6.9216
4752,CA-2016-159989,12-09-2016,12/13/2016,Standard Class,,Emily Burns,Consumer,United States,Franklin,Tennessee,37064,South,TEC-PH-10000169,Technology,Phones,ARKON Windshield Dashboard Air Vent Car Mount Holder,40.68,3,0.2,-9.153
4755,CA-2017-126354,02-03-2017,02-08-2017,Standard Class,SC-20380,Shahid Collister,Consumer,United States,Pembroke Pines,Florida,33024,South,OFF-BI-10000301,Office Supplies,Binders,GBC Instant Report Kit,3.882,2,0.7,-2.588
4757,CA-2017-169817,9/21/2017,9/25/2017,Standard Class,EB-13870,Emily Burns,Consumer,United States,Philadelphia,Pennsylvania,19143,East,OFF-BI-10004141,Office Supplies,Binders,Insertable Tab Indexes For Data Binders,1.908,2,0.7,-1.5264
4758,US-2017-144582,4/30/2017,05-05-2017,Standard Class,TC-21475,Tony Chapman,Home Office,United States,Danville,Illinois,61832,Central,OFF-BI-10001575,Office Supplies,Binders,GBC Linen Binding Covers,43.372,7,0.8,-69.3952
4773,CA-2017-119746,11/23/2017,11/27/2017,Standard Class,CM-12385,Christopher Martinez,Consumer,United States,Chicago,Illinois,60610,Central,FUR-FU-10004909,Furniture,Furnishings,Contemporary Wood/Metal Frame,6.464,1,0.6,-4.04
4782,CA-2014-159310,11-07-2014,11-12-2014,Standard Class,SC-20725,Steven Cartwright,Consumer,United States,Houston,Texas,77070,Central,OFF-BI-10000201,Office Supplies,Binders,"Avery Triangle Shaped Sheet Lifters, Black, 2/Pack",1.476,3,0.8,-2.214
4786,CA-2015-104346,12-11-2015,12/16/2015,Standard Class,IM-15070,Irene Maddox,Consumer,United States,Colorado Springs,Colorado,80906,West,FUR-BO-10003450,Furniture,Bookcases,"Bush Westfield Collection Bookcases, Dark Cherry Finish",69.576,4,0.7,-143.7904
4797,US-2016-148901,5/14/2016,5/19/2016,Standard Class,MK-17905,Michael Kennedy,Corporate,United States,Jacksonville,Florida,32216,South,OFF-BI-10001718,Office Supplies,Binders,GBC DocuBind P50 Personal Binding Machine,57.582,3,0.7,-44.1462
4802,US-2016-148901,5/14/2016,5/19/2016,Standard Class,MK-17905,Michael Kennedy,Corporate,United States,Jacksonville,Florida,32216,South,OFF-BI-10004002,Office Supplies,Binders,Wilson Jones International Size A4 Ring Binders,10.38,2,0.7,-7.612
4803,US-2016-148901,5/14/2016,5/19/2016,Standard Class,MK-17905,Michael Kennedy,Corporate,United States,Jacksonville,Florida,32216,South,OFF-BI-10002309,Office Supplies,Binders,Avery Heavy-Duty EZD  Binder With Locking Rings,13.392,8,0.7,-9.8208
4821,CA-2015-140025,04-07-2015,04-11-2015,Standard Class,PF-19120,Peter Fuller,Consumer,United States,San Antonio,Texas,78207,Central,OFF-AP-10002651,Office Supplies,Appliances,Hoover Upright Vacuum With Dirt Cup,463.248,8,0.8,-1181.2824
4823,CA-2016-134222,07-10-2016,07-11-2016,Same Day,NZ-18565,Nick Zandusky,Home Office,United States,Yuma,Arizona,85364,West,OFF-BI-10001658,Office Supplies,Binders,GBC Standard Therm-A-Bind Covers,44.856,6,0.7,-35.8848
4824,CA-2016-140018,11/21/2016,11/26/2016,Standard Class,CK-12205,Chloris Kastensmidt,Consumer,United States,Columbus,Ohio,43229,East,TEC-MA-10000752,Technology,Machines,Texas Instrument TI-15 Fraction Calculator,30.345,7,0.7,-24.276
4838,CA-2017-106831,06-01-2017,06-03-2017,First Class,FH-14350,Fred Harton,Consumer,United States,Dublin,Ohio,43017,East,OFF-BI-10003429,Office Supplies,Binders,"Cardinal HOLDit! Binder Insert Strips,Extra Strips",3.798,2,0.7,-2.6586
4842,CA-2016-136049,12/23/2016,12/28/2016,Standard Class,NM-18520,Neoma Murray,Consumer,United States,Bowling Green,Ohio,43402,East,OFF-BI-10001267,Office Supplies,Binders,"Universal Recycled Hanging Pressboard Report Binders, Letter Size",5.553,3,0.7,-4.0722
4873,CA-2017-164042,5/23/2017,5/27/2017,Standard Class,KL-16645,Ken Lonsdale,Consumer,United States,Houston,Texas,77095,Central,OFF-AP-10001947,Office Supplies,Appliances,Acco 6 Outlet Guardian Premium Plus Surge Suppressor,18.32,5,0.8,-46.716
4875,CA-2017-164042,5/23/2017,5/27/2017,Standard Class,KL-16645,Ken Lonsdale,Consumer,United States,Houston,Texas,77095,Central,OFF-BI-10001922,Office Supplies,Binders,Storex Dura Pro Binders,1.188,1,0.8,-1.9602
4879,US-2016-131891,7/29/2016,7/31/2016,First Class,PW-19240,Pierre Wener,Consumer,United States,Pensacola,Florida,32503,South,OFF-BI-10000201,Office Supplies,Binders,"Avery Triangle Shaped Sheet Lifters, Black, 2/Pack",2.214,3,0.7,-1.476
4900,CA-2016-130484,8/22/2016,8/27/2016,Standard Class,SG-20470,Sheri Gordon,Consumer,United States,Gresham,Oregon,97030,West,OFF-BI-10000088,Office Supplies,Binders,GBC Imprintable Covers,26.352,8,0.7,-18.4464
4908,CA-2014-133809,11/18/2014,11/23/2014,Second Class,MS-17530,MaryBeth Skach,Consumer,United States,Fairfield,Ohio,45014,East,OFF-BI-10001757,Office Supplies,Binders,Pressboard Hanging Data Binders for Unburst Sheets,11.808,8,0.7,-8.6592
4913,CA-2017-127306,1/14/2017,1/18/2017,Standard Class,BH-11710,Brosina Hoffman,Consumer,United States,Johnson City,Tennessee,37604,South,OFF-BI-10002003,Office Supplies,Binders,Ibico Presentation Index for Binding Systems,5.97,5,0.7,-4.577
4914,CA-2017-127306,1/14/2017,1/18/2017,Standard Class,BH-11710,Brosina Hoffman,Consumer,United States,Johnson City,Tennessee,37604,South,OFF-BI-10003727,Office Supplies,Binders,Avery Durable Slant Ring Binders With Label Holder,2.508,2,0.7,-1.8392
4921,CA-2017-101728,8/19/2017,8/23/2017,Standard Class,SC-20575,Sonia Cooley,Consumer,United States,Chicago,Illinois,60653,Central,OFF-BI-10002393,Office Supplies,Binders,Binder Posts,2.296,2,0.8,-3.9032
4934,CA-2015-106978,9/28/2015,10-04-2015,Standard Class,ZC-21910,Zuschuss Carroll,Consumer,United States,Aurora,Colorado,80013,West,OFF-BI-10002012,Office Supplies,Binders,Wilson Jones Easy Flow II Sheet Lifters,1.08,2,0.7,-0.792
4958,CA-2015-127607,3/20/2015,3/26/2015,Standard Class,JK-15730,Joe Kamberova,Consumer,United States,Carrollton,Texas,75007,Central,OFF-BI-10001308,Office Supplies,Binders,GBC Standard Plastic Binding Systems' Combs,2.512,2,0.8,-4.396
4965,CA-2016-141180,5/15/2016,5/19/2016,Second Class,DP-13000,Darren Powers,Consumer,United States,Fort Lauderdale,Florida,33311,South,OFF-BI-10000301,Office Supplies,Binders,GBC Instant Report Kit,7.764,4,0.7,-5.176
4981,US-2016-131114,12-09-2016,12/13/2016,Second Class,RW-19630,Rob Williams,Corporate,United States,Chicago,Illinois,60610,Central,OFF-AP-10003971,Office Supplies,Appliances,Belkin 6 Outlet Metallic Surge Strip,4.356,2,0.8,-11.7612
4989,CA-2016-149279,4/24/2016,4/28/2016,Standard Class,CL-12700,Craig Leslie,Home Office,United States,Colorado Springs,Colorado,80906,West,OFF-BI-10004040,Office Supplies,Binders,Wilson Jones Impact Binders,3.108,2,0.7,-2.1756
4992,US-2017-122714,12-07-2017,12/13/2017,Standard Class,HG-14965,Henry Goldwyn,Corporate,United States,Chicago,Illinois,60653,Central,OFF-BI-10001120,Office Supplies,Binders,Ibico EPK-21 Electric Binding System,1889.99,5,0.8,-2929.4845
4998,CA-2017-155824,03-10-2017,3/15/2017,Standard Class,KS-16300,Karen Seio,Corporate,United States,Raleigh,North Carolina,27604,South,OFF-BI-10000014,Office Supplies,Binders,Heavy-Duty E-Z-D Binders,13.092,4,0.7,-10.0372
5009,CA-2015-102876,09-07-2015,9/14/2015,Standard Class,LR-17035,Lisa Ryan,Corporate,United States,Philadelphia,Pennsylvania,19134,East,OFF-BI-10004781,Office Supplies,Binders,GBC Wire Binding Strips,9.522,1,0.7,-6.9828
5011,CA-2015-102876,09-07-2015,9/14/2015,Standard Class,LR-17035,Lisa Ryan,Corporate,United States,Philadelphia,Pennsylvania,19134,East,OFF-BI-10000848,Office Supplies,Binders,Angle-D Ring Binders,4.923,3,0.7,-3.9384
5012,US-2017-139647,05-11-2017,5/13/2017,First Class,TS-21370,Todd Sumrall,Corporate,United States,Phoenix,Arizona,85023,West,FUR-BO-10004467,Furniture,Bookcases,Bestar Classic Bookcase,209.979,7,0.7,-356.9643
5013,US-2017-160465,7/21/2017,7/26/2017,Standard Class,SW-20350,Sean Wendt,Home Office,United States,Cleveland,Ohio,44105,East,OFF-BI-10001670,Office Supplies,Binders,Vinyl Sectional Post Binders,33.93,3,0.7,-22.62
5049,US-2014-104759,3/31/2014,04-04-2014,Standard Class,DD-13570,Dorothy Dickinson,Consumer,United States,Chicago,Illinois,60610,Central,OFF-BI-10002071,Office Supplies,Binders,Fellowes Black Plastic Comb Bindings,8.134,7,0.8,-13.8278
5059,CA-2016-120796,04-03-2016,04-07-2016,Standard Class,CS-11950,Carlos Soltero,Consumer,United States,Philadelphia,Pennsylvania,19140,East,OFF-BI-10004330,Office Supplies,Binders,"GBC Velobind Prepunched Cover Sets, Regency Series",99.846,9,0.7,-83.205
5086,CA-2015-144302,6/19/2015,6/23/2015,Standard Class,ME-17320,Maria Etezadi,Home Office,United States,Dallas,Texas,75081,Central,OFF-BI-10001107,Office Supplies,Binders,"GBC White Gloss Covers, Plain Front",5.792,2,0.8,-9.5568
5089,CA-2015-109001,03-05-2015,03-09-2015,Standard Class,KN-16390,Katherine Nockton,Corporate,United States,Philadelphia,Pennsylvania,19120,East,OFF-BI-10003529,Office Supplies,Binders,Avery Round Ring Poly Binders,2.556,3,0.7,-1.7892
5094,US-2014-140452,12-06-2014,12-10-2014,Standard Class,BK-11260,Berenike Kampe,Consumer,United States,Chicago,Illinois,60610,Central,OFF-AP-10004036,Office Supplies,Appliances,Bionaire 99.97% HEPA Air Cleaner,14.016,4,0.8,-31.536
5097,US-2014-140452,12-06-2014,12-10-2014,Standard Class,BK-11260,Berenike Kampe,Consumer,United States,Chicago,Illinois,60610,Central,FUR-FU-10002088,Furniture,Furnishings,Nu-Dell Float Frame 11 x 14 1/2,10.776,3,0.6,-4.8492
5098,US-2014-140452,12-06-2014,12-10-2014,Standard Class,BK-11260,Berenike Kampe,Consumer,United States,Chicago,Illinois,60610,Central,OFF-BI-10004965,Office Supplies,Binders,Ibico Covers for Plastic or Wire Binding Elements,4.6,2,0.8,-8.05
5113,CA-2015-153073,11/13/2015,11/13/2015,Same Day,HA-14905,Helen Abelman,Consumer,United States,Chicago,Illinois,60610,Central,FUR-FU-10001025,Furniture,Furnishings,"Eldon Imàge Series Desk Accessories, Clear",17.496,9,0.6,-7.4358
5159,CA-2017-163006,6/30/2017,07-04-2017,Second Class,GH-14410,Gary Hansen,Home Office,United States,Chicago,Illinois,60653,Central,FUR-FU-10003799,Furniture,Furnishings,"Seth Thomas 13 1/2"" Wall Clock",14.224,2,0.6,-10.3124
5175,CA-2017-106432,10/19/2017,10/24/2017,Standard Class,CA-12265,Christina Anderson,Consumer,United States,Waco,Texas,76706,Central,OFF-BI-10002799,Office Supplies,Binders,"SlimView Poly Binder, 3/8""",2.072,2,0.8,-3.5224
5243,CA-2017-146367,08-04-2017,08-08-2017,Standard Class,HM-14860,Harry Marie,Corporate,United States,Carrollton,Texas,75007,Central,OFF-BI-10002827,Office Supplies,Binders,Avery Durable Poly Binders,3.318,3,0.8,-5.6406
5248,US-2015-168914,5/21/2015,5/27/2015,Standard Class,JE-15745,Joel Eaton,Consumer,United States,Frankfort,Illinois,60423,Central,OFF-AP-10000358,Office Supplies,Appliances,Fellowes Basic Home/Office Series Surge Protectors,20.768,8,0.8,-52.9584
5262,CA-2014-105165,09-07-2014,09-10-2014,First Class,SZ-20035,Sam Zeldin,Home Office,United States,Houston,Texas,77036,Central,OFF-BI-10000050,Office Supplies,Binders,"Angle-D Binders with Locking Rings, Label Holders",2.92,2,0.8,-4.818
5274,US-2016-158309,11/26/2016,11/29/2016,First Class,PA-19060,Pete Armstrong,Home Office,United States,Miami,Florida,33142,South,OFF-BI-10000145,Office Supplies,Binders,Zipper Ring Binder Pockets,3.744,4,0.7,-2.6208
5287,CA-2017-105991,05-05-2017,05-06-2017,First Class,LH-17020,Lisa Hazard,Consumer,United States,Louisville,Colorado,80027,West,OFF-BI-10003274,Office Supplies,Binders,"Avery Durable Slant Ring Binders, No Labels",9.552,8,0.7,-7.3232
5288,CA-2017-105991,05-05-2017,05-06-2017,First Class,LH-17020,Lisa Hazard,Consumer,United States,Louisville,Colorado,80027,West,FUR-BO-10004467,Furniture,Bookcases,Bestar Classic Bookcase,89.991,3,0.7,-152.9847
5305,US-2014-166310,9/21/2014,9/23/2014,First Class,JS-15940,Joni Sundaresam,Home Office,United States,Garland,Texas,75043,Central,FUR-FU-10001546,Furniture,Furnishings,Dana Swing-Arm Lamps,8.544,2,0.6,-7.476
5311,CA-2017-131254,11/19/2017,11/21/2017,First Class,NC-18415,Nathan Cano,Consumer,United States,Houston,Texas,77095,Central,OFF-BI-10003527,Office Supplies,Binders,Fellowes PB500 Electric Punch Plastic Comb Binding Machine with Manual Bind,1525.188,6,0.8,-2287.782
5320,US-2017-162558,10-02-2017,10-05-2017,First Class,Dp-13240,Dean percer,Home Office,United States,Knoxville,Tennessee,37918,South,OFF-BI-10000977,Office Supplies,Binders,Ibico Plastic Spiral Binding Combs,27.36,3,0.7,-21.888
5322,US-2017-162558,10-02-2017,10-05-2017,First Class,Dp-13240,Dean percer,Home Office,United States,Knoxville,Tennessee,37918,South,OFF-BI-10003984,Office Supplies,Binders,Lock-Up Easel 'Spel-Binder',34.236,4,0.7,-26.2476
5399,CA-2016-163202,9/27/2016,10-02-2016,Standard Class,BM-11650,Brian Moss,Corporate,United States,Lancaster,Ohio,43130,East,OFF-BI-10002764,Office Supplies,Binders,Recycled Pressboard Report Cover with Reinforced Top Hinge,2.907,3,0.7,-2.0349
5407,US-2016-143280,2/22/2016,2/26/2016,Standard Class,,Tracy Zic,Consumer,United States,Los Angeles,California,90045,West,OFF-FA-10000992,Office Supplies,Fasteners,"Acco Clips to Go Binder Clips, 24 Clips in Two Sizes",10.65,3,0.0,5.0055
5415,US-2017-125647,9/23/2017,9/28/2017,Standard Class,LC-16870,Lena Cacioppo,Consumer,United States,Chicago,Illinois,60653,Central,OFF-AP-10000390,Office Supplies,Appliances,Euro Pro Shark Stick Mini Vacuum,73.176,6,0.8,-197.5752
5433,CA-2017-117422,10/21/2017,10/25/2017,Standard Class,FC-14245,Frank Carlisle,Home Office,United States,Lakewood,Ohio,44107,East,OFF-BI-10002799,Office Supplies,Binders,"SlimView Poly Binder, 3/8""",6.216,4,0.7,-4.9728
5438,CA-2014-103317,07-05-2014,07-08-2014,First Class,DM-13525,Don Miller,Corporate,United States,Palm Coast,Florida,32137,South,OFF-BI-10001787,Office Supplies,Binders,Wilson Jones Four-Pocket Poly Binders,9.81,5,0.7,-6.867
5463,CA-2014-146591,1/19/2014,1/20/2014,First Class,TS-21340,Toby Swindell,Consumer,United States,Scottsdale,Arizona,85254,West,OFF-BI-10003676,Office Supplies,Binders,"GBC Standard Recycled Report Covers, Clear Plastic Sheets",32.34,10,0.7,-23.716
5466,CA-2014-146591,1/19/2014,1/20/2014,First Class,TS-21340,Toby Swindell,Consumer,United States,Scottsdale,Arizona,85254,West,FUR-BO-10001972,Furniture,Bookcases,O'Sullivan 4-Shelf Bookcase in Odessa Pine,181.47,5,0.7,-320.597
5474,CA-2017-116946,12/19/2017,12/23/2017,Standard Class,TS-21505,Tony Sayre,Consumer,United States,Parker,Colorado,80134,West,FUR-BO-10000468,Furniture,Bookcases,O'Sullivan 2-Shelf Heavy-Duty Bookcases,102.018,7,0.7,-183.6324
5480,CA-2014-101770,3/31/2014,04-04-2014,Standard Class,KB-16240,Karen Bern,Corporate,United States,Miami,Florida,33180,South,OFF-BI-10001097,Office Supplies,Binders,Avery Hole Reinforcements,1.869,1,0.7,-1.3083
5487,CA-2015-156608,10/24/2015,10/29/2015,Standard Class,MT-18070,Michelle Tran,Home Office,United States,San Antonio,Texas,78207,Central,OFF-BI-10004140,Office Supplies,Binders,Avery Non-Stick Binders,3.592,4,0.8,-6.286
5496,CA-2015-113523,09-04-2015,09-08-2015,Standard Class,SC-20440,Shaun Chance,Corporate,United States,Philadelphia,Pennsylvania,19140,East,OFF-BI-10001249,Office Supplies,Binders,Avery Heavy-Duty EZD View Binder with Locking Rings,7.656,4,0.7,-6.1248
5541,US-2017-150595,5/22/2017,5/26/2017,Standard Class,LE-16810,Laurel Elliston,Consumer,United States,Chicago,Illinois,60653,Central,OFF-BI-10003274,Office Supplies,Binders,"Avery Durable Slant Ring Binders, No Labels",1.592,2,0.8,-2.6268
5544,CA-2016-134936,12/19/2016,12/25/2016,Standard Class,ES-14080,Erin Smith,Corporate,United States,Tucson,Arizona,85705,West,OFF-BI-10000174,Office Supplies,Binders,"Wilson Jones Clip & Carry Folder Binder Tool for Ring Binders, Clear",10.44,6,0.7,-7.656
5545,CA-2016-134936,12/19/2016,12/25/2016,Standard Class,ES-14080,Erin Smith,Corporate,United States,Tucson,Arizona,85705,West,OFF-BI-10002103,Office Supplies,Binders,"Cardinal Slant-D Ring Binder, Heavy Gauge Vinyl",5.214,2,0.7,-4.1712
5562,CA-2017-133263,3/31/2017,04-02-2017,Second Class,,Jim Epp,Corporate,United States,Atlanta,Georgia,30318,South,OFF-BI-10001153,Office Supplies,Binders,Ibico Recycled Grain-Textured Covers,34.54,1,0.0,17.27
5573,CA-2014-151162,12-05-2014,12-09-2014,Standard Class,EA-14035,Erin Ashbrook,Corporate,United States,Columbus,Ohio,43229,East,OFF-BI-10003719,Office Supplies,Binders,Large Capacity Hanging Post Binders,29.94,4,0.7,-23.952
5594,US-2017-108014,11/19/2017,11/25/2017,Standard Class,JH-15430,Jennifer Halladay,Consumer,United States,Cleveland,Ohio,44105,East,OFF-BI-10003984,Office Supplies,Binders,Lock-Up Easel 'Spel-Binder',59.913,7,0.7,-45.9333
5655,CA-2016-145261,12/18/2016,12/21/2016,First Class,AH-10120,Adrian Hane,Home Office,United States,Salem,Oregon,97301,West,OFF-BI-10001670,Office Supplies,Binders,Vinyl Sectional Post Binders,45.24,4,0.7,-30.16
5665,CA-2016-141957,7/21/2016,7/21/2016,Same Day,JG-15310,Jason Gross,Corporate,United States,Newark,Ohio,43055,East,OFF-BI-10001116,Office Supplies,Binders,"Wilson Jones 1"" Hanging DublLock Ring Binders",11.088,7,0.7,-8.1312
5678,CA-2014-126802,12/29/2014,01-05-2015,Standard Class,ZC-21910,Zuschuss Carroll,Consumer,United States,Chicago,Illinois,60610,Central,FUR-FU-10000193,Furniture,Furnishings,Tenex Chairmats For Use with Hard Floors,38.976,3,0.6,-50.6688
5697,CA-2017-126123,10/14/2017,10/18/2017,Standard Class,AG-10765,Anthony Garverick,Home Office,United States,Chicago,Illinois,60623,Central,OFF-BI-10000309,Office Supplies,Binders,"GBC Twin Loop Wire Binding Elements, 9/16"" Spine, Black",27.396,9,0.8,-42.4638
5698,CA-2017-126123,10/14/2017,10/18/2017,Standard Class,AG-10765,Anthony Garverick,Home Office,United States,Chicago,Illinois,60623,Central,OFF-BI-10004224,Office Supplies,Binders,Catalog Binders with Expanding Posts,13.456,1,0.8,-23.548
5756,CA-2014-163748,10/14/2014,10/18/2014,Standard Class,HG-15025,Hunter Glantz,Consumer,United States,Fort Worth,Texas,76106,Central,OFF-AP-10004052,Office Supplies,Appliances,"Hoover Replacement Belts For Soft Guard & Commercial Ltweight Upright Vacs, 2/Pk",3.16,4,0.8,-8.532
5785,CA-2017-141117,10-02-2017,10-08-2017,Standard Class,JK-16090,Juliana Krohn,Consumer,United States,Springfield,Oregon,97477,West,FUR-BO-10001972,Furniture,Bookcases,O'Sullivan 4-Shelf Bookcase in Odessa Pine,217.764,6,0.7,-384.7164
5787,CA-2017-141117,10-02-2017,10-08-2017,Standard Class,JK-16090,Juliana Krohn,Consumer,United States,Springfield,Oregon,97477,West,OFF-BI-10003676,Office Supplies,Binders,"GBC Standard Recycled Report Covers, Clear Plastic Sheets",22.638,7,0.7,-16.6012
5790,CA-2017-115070,04-10-2017,4/14/2017,Second Class,MG-18205,Mitch Gastineau,Corporate,United States,Jacksonville,Florida,32216,South,OFF-BI-10003712,Office Supplies,Binders,"Acco Pressboard Covers with Storage Hooks, 14 7/8"" x 11"", Light Blue",4.419,3,0.7,-3.0933
5799,CA-2014-124856,9/29/2014,10-03-2014,Second Class,LD-17005,Lisa DeCherney,Consumer,United States,New York City,New York,10011,East,OFF-PA-10001289,Office Supplies,Paper,White Computer Printout Paper by Universal,77.52,0,0.0,37.9848
5835,CA-2015-101868,06-09-2015,6/16/2015,Standard Class,MJ-17740,Max Jones,Consumer,United States,Miami,Florida,33178,South,OFF-BI-10003876,Office Supplies,Binders,"Green Canvas Binder for 8-1/2"" x 14"" Sheets",64.2,5,0.7,-42.8
5836,CA-2015-101868,06-09-2015,6/16/2015,Standard Class,MJ-17740,Max Jones,Consumer,United States,Miami,Florida,33178,South,OFF-BI-10002133,Office Supplies,Binders,"Wilson Jones Elliptical Ring 3 1/2"" Capacity Binders, 800 sheets",38.52,3,0.7,-26.964
5857,CA-2015-112214,08-05-2015,08-11-2015,Standard Class,AH-10690,Anna Häberlin,Corporate,United States,Dallas,Texas,75220,Central,OFF-BI-10002982,Office Supplies,Binders,Avery Self-Adhesive Photo Pockets for Polaroid Photos,1.362,1,0.8,-2.1792
5858,CA-2015-112214,08-05-2015,08-11-2015,Standard Class,AH-10690,Anna Häberlin,Corporate,United States,Dallas,Texas,75220,Central,FUR-FU-10002364,Furniture,Furnishings,"Eldon Expressions Wood Desk Accessories, Oak",14.76,5,0.6,-11.439
5869,CA-2016-158211,01-04-2016,01-08-2016,Standard Class,BP-11185,Ben Peterman,Corporate,United States,Philadelphia,Pennsylvania,19143,East,OFF-BI-10002026,Office Supplies,Binders,Avery Arch Ring Binders,104.58,6,0.7,-80.178
6003,CA-2014-124079,12/13/2014,12/17/2014,Standard Class,RF-19345,Randy Ferguson,Corporate,United States,Phoenix,Arizona,85023,West,OFF-BI-10002103,Office Supplies,Binders,"Cardinal Slant-D Ring Binder, Heavy Gauge Vinyl",5.214,2,0.7,-4.1712
6004,US-2017-146878,9/21/2017,9/27/2017,Standard Class,DL-12865,Dan Lawera,Consumer,United States,Miami,Florida,33142,South,OFF-BI-10002794,Office Supplies,Binders,"Avery Trapezoid Ring Binder, 3"" Capacity, Black, 1040 sheets",12.294,1,0.7,-8.6058
6035,US-2015-155369,4/19/2015,4/25/2015,Standard Class,PG-18820,Patrick Gardner,Consumer,United States,Carrollton,Texas,75007,Central,OFF-AP-10002578,Office Supplies,Appliances,"Fellowes Premier Superior Surge Suppressor, 10-Outlet, With Phone and Remote",19.568,2,0.8,-52.8336
6036,US-2015-155369,4/19/2015,4/25/2015,Standard Class,PG-18820,Patrick Gardner,Consumer,United States,Carrollton,Texas,75007,Central,OFF-BI-10003925,Office Supplies,Binders,Fellowes PB300 Plastic Comb Binding Machine,310.392,4,0.8,-512.1468
6048,CA-2015-105571,11-07-2015,11-11-2015,Standard Class,CP-12340,Christine Phan,Corporate,United States,Miami,Florida,33142,South,OFF-BI-10003305,Office Supplies,Binders,Avery Hanging File Binders,16.146,9,0.7,-12.9168
6049,CA-2015-105571,11-07-2015,11-11-2015,Standard Class,CP-12340,Christine Phan,Corporate,United States,Miami,Florida,33142,South,OFF-BI-10001359,Office Supplies,Binders,GBC DocuBind TL300 Electric Binding System,1345.485,5,0.7,-1031.5385
6055,CA-2016-124016,9/23/2016,9/26/2016,Second Class,JS-15940,Joni Sundaresam,Home Office,United States,Lancaster,Ohio,43130,East,OFF-BI-10002071,Office Supplies,Binders,Fellowes Black Plastic Comb Bindings,12.201,7,0.7,-9.7608
6056,CA-2016-113551,8/18/2016,8/20/2016,First Class,NF-18385,Natalie Fritzler,Consumer,United States,Edinburg,Texas,78539,Central,OFF-BI-10001617,Office Supplies,Binders,GBC Wire Binding Combs,2.068,1,0.8,-3.4122
6082,US-2014-165589,2/18/2014,2/18/2014,Same Day,TB-21595,Troy Blackwell,Consumer,United States,Lubbock,Texas,79424,Central,FUR-FU-10002396,Furniture,Furnishings,"DAX Copper Panel Document Frame, 5 x 7 Size",25.16,5,0.6,-11.322
6083,US-2016-132577,11/22/2016,11/27/2016,Standard Class,JE-15475,Jeremy Ellison,Consumer,United States,Houston,Texas,77095,Central,OFF-BI-10004040,Office Supplies,Binders,Wilson Jones Impact Binders,6.216,6,0.8,-9.6348
6087,US-2016-132577,11/22/2016,11/27/2016,Standard Class,JE-15475,Jeremy Ellison,Consumer,United States,Houston,Texas,77095,Central,OFF-BI-10003196,Office Supplies,Binders,Accohide Poly Flexible Ring Binders,4.488,6,0.8,-6.732
6090,US-2017-162068,12/28/2017,12/31/2017,Second Class,PC-18745,Pamela Coakley,Corporate,United States,Loveland,Colorado,80538,West,OFF-BI-10002813,Office Supplies,Binders,Avery Reinforcements for Hole-Punch Pages,1.188,2,0.7,-0.99
6107,CA-2014-120852,12/20/2014,12/25/2014,Standard Class,WB-21850,William Brown,Consumer,United States,Grand Prairie,Texas,75051,Central,OFF-AP-10001563,Office Supplies,Appliances,Belkin Premiere Surge Master II 8-outlet surge protector,19.432,2,0.8,-49.5516
6110,CA-2016-150007,09-11-2016,9/16/2016,Standard Class,AS-10090,Adam Shillingsburg,Consumer,United States,Chicago,Illinois,60653,Central,OFF-BI-10004141,Office Supplies,Binders,Insertable Tab Indexes For Data Binders,1.908,3,0.8,-3.2436
6122,CA-2017-143378,9/19/2017,9/25/2017,Standard Class,JR-16210,Justin Ritter,Corporate,United States,Springfield,Oregon,97477,West,FUR-BO-10001972,Furniture,Bookcases,O'Sullivan 4-Shelf Bookcase in Odessa Pine,72.588,2,0.7,-128.2388
6137,CA-2015-105613,10/18/2015,10/22/2015,Standard Class,KN-16705,Kristina Nunn,Home Office,United States,Mcallen,Texas,78501,Central,OFF-AP-10000026,Office Supplies,Appliances,Tripp Lite Isotel 6 Outlet Surge Protector with Fax/Modem Protection,73.164,6,0.8,-186.5682
6164,CA-2014-103989,3/19/2014,3/21/2014,First Class,MC-17605,Matt Connell,Corporate,United States,Lakeland,Florida,33801,South,OFF-BI-10001196,Office Supplies,Binders,"Avery Flip-Chart Easel Binder, Black",33.57,5,0.7,-25.737
6194,CA-2017-104927,12/22/2017,12/26/2017,Standard Class,AG-10330,Alex Grayson,Consumer,United States,Houston,Texas,77095,Central,OFF-BI-10003429,Office Supplies,Binders,"Cardinal HOLDit! Binder Insert Strips,Extra Strips",6.33,5,0.8,-9.8115
6226,CA-2015-133445,10-05-2015,10-09-2015,Standard Class,JF-15490,Jeremy Farry,Consumer,United States,Portland,Oregon,97206,West,FUR-BO-10003660,Furniture,Bookcases,"Bush Cubix Collection Bookcases, Fully Assembled",66.294,1,0.7,-103.8606
6243,CA-2014-134621,12/21/2014,12/28/2014,Standard Class,DP-13390,Dennis Pardue,Home Office,United States,Columbia,Tennessee,38401,South,OFF-BI-10000977,Office Supplies,Binders,Ibico Plastic Spiral Binding Combs,18.24,2,0.7,-14.592
6252,CA-2014-101147,12-02-2014,12-04-2014,First Class,MC-17575,Matt Collins,Consumer,United States,Chicago,Illinois,60623,Central,OFF-AP-10004249,Office Supplies,Appliances,Staple holder,2.394,1,0.8,-6.3441
6257,CA-2015-133977,09-06-2015,09-08-2015,Second Class,AT-10435,Alyssa Tate,Home Office,United States,Tamarac,Florida,33319,South,OFF-BI-10003166,Office Supplies,Binders,GBC Plasticlear Binding Covers,3.444,1,0.7,-2.5256
6263,CA-2016-132479,9/24/2016,9/26/2016,First Class,MK-17905,Michael Kennedy,Corporate,United States,Rockford,Illinois,61107,Central,OFF-BI-10004584,Office Supplies,Binders,GBC ProClick 150 Presentation Binding System,442.372,7,0.8,-729.9138
6301,US-2014-161305,06-06-2014,06-12-2014,Standard Class,SB-20170,Sarah Bern,Consumer,United States,Chicago,Illinois,60623,Central,OFF-BI-10002794,Office Supplies,Binders,"Avery Trapezoid Ring Binder, 3"" Capacity, Black, 1040 sheets",24.588,3,0.8,-38.1114
6351,CA-2017-161557,09-03-2017,09-08-2017,Standard Class,AG-10900,Arthur Gainer,Consumer,United States,Dallas,Texas,75217,Central,FUR-FU-10004622,Furniture,Furnishings,Eldon Advantage Foldable Chair Mats for Low Pile Carpets,108.4,5,0.6,-105.69
6353,US-2015-161347,9/13/2015,9/19/2015,Standard Class,HG-14845,Harry Greene,Consumer,United States,Philadelphia,Pennsylvania,19120,East,OFF-BI-10004209,Office Supplies,Binders,"Fellowes Twister Kit, Gray/Clear, 3/pkg",2.412,1,0.7,-2.01
6370,CA-2016-103919,10-03-2016,10-07-2016,Standard Class,TP-21565,Tracy Poddar,Corporate,United States,Grand Prairie,Texas,75051,Central,FUR-FU-10001756,Furniture,Furnishings,"Eldon Expressions Desk Accessory, Wood Photo Frame, Mahogany",38.08,5,0.6,-29.512
6384,US-2017-104661,1/15/2017,1/18/2017,First Class,TB-21250,Tim Brockman,Consumer,United States,Austin,Texas,78745,Central,OFF-BI-10001597,Office Supplies,Binders,"Wilson Jones Ledger-Size, Piano-Hinge Binder, 2"", Blue",32.784,4,0.8,-52.4544
6387,US-2017-104661,1/15/2017,1/18/2017,First Class,TB-21250,Tim Brockman,Consumer,United States,Austin,Texas,78745,Central,OFF-BI-10001098,Office Supplies,Binders,Acco D-Ring Binder w/DublLock,4.276,1,0.8,-6.6278
6390,CA-2015-147529,02-07-2015,02-11-2015,Standard Class,DK-12835,Damala Kotsonis,Corporate,United States,Springfield,Virginia,22153,South,OFF-EN-10000056,Office Supplies,Envelopes,Cameo Buff Policy Envelopes,0.0,5,0.0,146.2405
6401,CA-2017-151981,08-06-2017,08-12-2017,Standard Class,GM-14455,Gary Mitchum,Home Office,United States,Concord,New Hampshire,3301,East,OFF-AR-10000380,Office Supplies,Art,"Hunt PowerHouse Electric Pencil Sharpener, Blue",227.88,0,0.0,68.364
6415,CA-2017-142671,11-10-2017,11/14/2017,Second Class,DR-12940,Daniel Raglin,Home Office,United States,Hollywood,Florida,33021,South,OFF-BI-10004099,Office Supplies,Binders,GBC VeloBinder Strips,11.52,5,0.7,-7.68
6427,CA-2016-143714,5/23/2016,5/27/2016,Standard Class,CC-12370,Christopher Conant,Consumer,United States,Philadelphia,Pennsylvania,19120,East,OFF-BI-10004308,Office Supplies,Binders,Avery Legal 4-Ring Binder,6.294,1,0.7,-4.196
6432,CA-2014-165764,11-03-2014,11-07-2014,Standard Class,SH-20395,Shahid Hopkins,Consumer,United States,Jacksonville,North Carolina,28540,South,OFF-BI-10002982,Office Supplies,Binders,Avery Self-Adhesive Photo Pockets for Polaroid Photos,14.301,7,0.7,-10.4874
6447,US-2017-119816,03-04-2017,03-06-2017,Second Class,TT-21460,Tonja Turnell,Home Office,United States,Houston,Texas,77095,Central,FUR-FU-10004848,Furniture,Furnishings,"Howard Miller 13-3/4"" Diameter Brushed Chrome Round Wall Clock",103.5,5,0.6,-77.625
6476,CA-2017-140872,06-03-2017,06-10-2017,Standard Class,NR-18550,Nick Radford,Consumer,United States,Pembroke Pines,Florida,33024,South,OFF-BI-10002432,Office Supplies,Binders,Wilson Jones Standard D-Ring Binders,4.554,3,0.7,-3.4914
6488,CA-2015-120621,3/21/2015,3/26/2015,Standard Class,JW-16075,Julia West,Consumer,United States,Jacksonville,North Carolina,28540,South,OFF-BI-10000948,Office Supplies,Binders,"GBC Laser Imprintable Binding System Covers, Desert Sand",12.843,3,0.7,-9.8463
6504,CA-2014-129147,11-02-2014,11-06-2014,Standard Class,LC-17050,Liz Carlisle,Consumer,United States,Medina,Ohio,44256,East,OFF-BI-10001098,Office Supplies,Binders,Acco D-Ring Binder w/DublLock,19.242,3,0.7,-13.4694
6526,CA-2016-129308,07-07-2016,7/13/2016,Standard Class,CC-12100,Chad Cunningham,Home Office,United States,Philadelphia,Pennsylvania,19120,East,OFF-BI-10001525,Office Supplies,Binders,"Acco Pressboard Covers with Storage Hooks, 14 7/8"" x 11"", Executive Red",5.715,5,0.7,-4.7625
6527,CA-2016-129308,07-07-2016,7/13/2016,Standard Class,CC-12100,Chad Cunningham,Home Office,United States,Philadelphia,Pennsylvania,19120,East,OFF-BI-10001308,Office Supplies,Binders,GBC Standard Plastic Binding Systems' Combs,9.42,5,0.7,-7.85
6531,CA-2014-103744,2/23/2014,2/27/2014,Standard Class,MG-17875,Michael Grace,Home Office,United States,El Paso,Texas,79907,Central,OFF-BI-10000320,Office Supplies,Binders,GBC Plastic Binding Combs,4.428,3,0.8,-6.8634
6539,CA-2015-109862,10/25/2015,10/30/2015,Standard Class,HK-14890,Heather Kirkland,Corporate,United States,Newark,Delaware,19711,East,TEC-PH-10004042,Technology,Phones,ClearOne Communications CHAT 70 OC Speaker Phone,0.0,1,0.0,41.3374
6545,US-2017-154872,5/14/2017,5/18/2017,Standard Class,DP-13000,Darren Powers,Consumer,United States,Cleveland,Ohio,44105,East,OFF-BI-10003007,Office Supplies,Binders,"Premium Transparent Presentation Covers, No Pattern/Clear, 8 1/2"" x 11""",58.17,5,0.7,-46.536
6557,CA-2014-137092,10/20/2014,10/22/2014,Second Class,LS-16975,Lindsay Shagiari,Home Office,United States,Chicago,Illinois,60653,Central,OFF-BI-10000632,Office Supplies,Binders,Satellite Sectional Post Binders,8.682,1,0.8,-14.7594
6562,CA-2017-144680,3/31/2017,04-02-2017,First Class,SC-20260,Scott Cohen,Corporate,United States,Arlington,Texas,76017,Central,OFF-AP-10003040,Office Supplies,Appliances,Fellowes 8 Outlet Superior Workstation Surge Protector w/o Phone/Fax/Modem Protection,33.62,5,0.8,-90.774
6567,CA-2017-131282,02-05-2017,02-08-2017,Second Class,CB-12025,Cassandra Brandow,Consumer,United States,Waco,Texas,76706,Central,OFF-BI-10004632,Office Supplies,Binders,Ibico Hi-Tech Manual Binding System,243.992,4,0.8,-426.986
6596,CA-2017-157112,4/23/2017,4/26/2017,First Class,GG-14650,Greg Guthrie,Corporate,United States,Columbus,Ohio,43229,East,OFF-BI-10000285,Office Supplies,Binders,XtraLife ClearVue Slant-D Ring Binders by Cardinal,11.76,5,0.7,-7.84
6598,CA-2014-169257,06-06-2014,06-12-2014,Standard Class,SV-20785,Stewart Visinsky,Consumer,United States,Jacksonville,Florida,32216,South,OFF-BI-10002557,Office Supplies,Binders,Presstex Flexible Ring Binders,1.365,1,0.7,-0.91
6630,CA-2015-125696,10-02-2015,10-06-2015,Standard Class,NP-18685,Nora Pelletier,Home Office,United States,Wilson,North Carolina,27893,South,OFF-BI-10001757,Office Supplies,Binders,Pressboard Hanging Data Binders for Unburst Sheets,7.38,5,0.7,-5.412
6635,CA-2017-144498,05-06-2017,05-06-2017,Same Day,MB-18085,Mick Brown,Consumer,United States,Charlotte,North Carolina,28205,South,OFF-BI-10003982,Office Supplies,Binders,Wilson Jones Century Plastic Molded Ring Binders,68.541,11,0.7,-52.5481
6649,US-2017-124779,09-08-2017,09-11-2017,First Class,BF-11020,Barry Französisch,Corporate,United States,Arlington,Texas,76017,Central,OFF-BI-10002429,Office Supplies,Binders,"Premier Elliptical Ring Binder, Black",42.616,7,0.8,-68.1856
6652,US-2017-124779,09-08-2017,09-11-2017,First Class,BF-11020,Barry Französisch,Corporate,United States,Arlington,Texas,76017,Central,FUR-FU-10001095,Furniture,Furnishings,DAX Black Cherry Wood-Tone Poster Frame,21.184,2,0.6,-11.6512
6686,US-2015-129637,12/17/2015,12/22/2015,Standard Class,MC-18100,Mick Crebagga,Consumer,United States,Bloomington,Illinois,61701,Central,FUR-FU-10000965,Furniture,Furnishings,"Howard Miller 11-1/2"" Diameter Ridgewood Wall Clock",41.552,2,0.6,-19.7372
6703,CA-2015-153535,5/20/2015,5/24/2015,Standard Class,SG-20470,Sheri Gordon,Consumer,United States,Wilson,North Carolina,27893,South,OFF-BI-10001031,Office Supplies,Binders,Pressboard Data Binders by Wilson Jones,6.408,4,0.7,-4.9128
6713,CA-2017-107629,12/14/2017,12/14/2017,Same Day,DB-13060,Dave Brooks,Consumer,United States,Skokie,Illinois,60076,Central,FUR-FU-10002298,Furniture,Furnishings,"Rubbermaid ClusterMat Chairmats, Mat Size- 66"" x 60"", Lip 20"" x 11"" -90 Degree Angle",266.352,6,0.6,-292.9872
6714,CA-2017-107629,12/14/2017,12/14/2017,Same Day,DB-13060,Dave Brooks,Consumer,United States,Skokie,Illinois,60076,Central,FUR-FU-10004091,Furniture,Furnishings,"Howard Miller 13"" Diameter Goldtone Round Wall Clock",56.328,3,0.6,-26.7558
6730,CA-2015-156734,6/18/2015,6/20/2015,First Class,BV-11245,Benjamin Venier,Corporate,United States,Smyrna,Tennessee,37167,South,OFF-BI-10002982,Office Supplies,Binders,Avery Self-Adhesive Photo Pockets for Polaroid Photos,6.129,3,0.7,-4.4946
6768,CA-2017-100615,4/20/2017,4/24/2017,Standard Class,SJ-20215,Sarah Jordon,Consumer,United States,Chicago,Illinois,60653,Central,FUR-FU-10002456,Furniture,Furnishings,"Master Caster Door Stop, Large Neon Orange",14.56,5,0.6,-6.188
6772,CA-2017-139402,12-09-2017,12/13/2017,Standard Class,NC-18535,Nick Crebassa,Corporate,United States,Phoenix,Arizona,85023,West,OFF-BI-10000279,Office Supplies,Binders,"Acco Recycled 2"" Capacity Laser Printer Hanging Data Binders",13.005,3,0.7,-9.9705
6796,CA-2015-145394,11/16/2015,11/20/2015,Standard Class,MC-17605,Matt Connell,Corporate,United States,Chicago,Illinois,60610,Central,FUR-FU-10001215,Furniture,Furnishings,"Howard Miller 11-1/2"" Diameter Brentwood Wall Clock",34.504,2,0.6,-15.5268
6797,CA-2015-168809,8/25/2015,8/25/2015,Same Day,MC-18100,Mick Crebagga,Consumer,United States,Houston,Texas,77041,Central,FUR-FU-10001473,Furniture,Furnishings,"Eldon Executive Woodline II Desk Accessories, Mahogany",20.104,2,0.6,-16.5858
6798,CA-2015-168809,8/25/2015,8/25/2015,Same Day,MC-18100,Mick Crebagga,Consumer,United States,Houston,Texas,77041,Central,OFF-BI-10000315,Office Supplies,Binders,Poly Designer Cover & Back,3.798,1,0.8,-6.0768
6799,CA-2015-168809,8/25/2015,8/25/2015,Same Day,MC-18100,Mick Crebagga,Consumer,United States,Houston,Texas,77041,Central,FUR-FU-10002240,Furniture,Furnishings,Nu-Dell EZ-Mount Plastic Wall Frames,7.88,5,0.6,-3.94
6801,CA-2016-109827,12/25/2016,01-01-2017,Standard Class,LW-16825,Laurel Workman,Corporate,United States,Phoenix,Arizona,85023,West,TEC-MA-10003356,Technology,Machines,Panasonic KX MC6040 Color Laser Multifunction Printer,269.97,2,0.7,-386.957
6803,CA-2016-109827,12/25/2016,01-01-2017,Standard Class,LW-16825,Laurel Workman,Corporate,United States,Phoenix,Arizona,85023,West,TEC-AC-10004353,Technology,Accessories,Hypercom P1300 Pinpad,100.8,0,0.2,21.42
6809,CA-2015-128125,3/31/2015,04-05-2015,Standard Class,EB-13705,Ed Braxton,Corporate,United States,Houston,Texas,77095,Central,FUR-FU-10001085,Furniture,Furnishings,3M Polarizing Light Filter Sleeves,22.38,3,0.6,-7.833
6810,CA-2017-156237,9/14/2017,9/15/2017,First Class,PS-18760,Pamela Stobb,Consumer,United States,Philadelphia,Pennsylvania,19140,East,OFF-BI-10000301,Office Supplies,Binders,GBC Instant Report Kit,3.882,2,0.7,-2.588
6811,CA-2017-156237,9/14/2017,9/15/2017,First Class,PS-18760,Pamela Stobb,Consumer,United States,Philadelphia,Pennsylvania,19140,East,TEC-MA-10002930,Technology,Machines,Ricoh - Ink Collector Unit for GX3000 Series Printers,12.585,1,0.7,-18.0385
6813,CA-2017-156237,9/14/2017,9/15/2017,First Class,PS-18760,Pamela Stobb,Consumer,United States,Philadelphia,Pennsylvania,19140,East,OFF-BI-10003707,Office Supplies,Binders,Aluminum Screw Posts,18.312,4,0.7,-12.208
6815,CA-2017-156237,9/14/2017,9/15/2017,First Class,PS-18760,Pamela Stobb,Consumer,United States,Philadelphia,Pennsylvania,19140,East,TEC-MA-10001681,Technology,Machines,Lexmark MarkNet N8150 Wireless Print Server,241.17,2,0.7,-168.819
6819,CA-2017-163860,12/28/2017,01-01-2018,Standard Class,LO-17170,Lori Olson,Corporate,United States,Peoria,Illinois,61604,Central,OFF-BI-10003784,Office Supplies,Binders,Computer Printout Index Tabs,1.68,5,0.8,-2.688
6820,CA-2017-163860,12/28/2017,01-01-2018,Standard Class,LO-17170,Lori Olson,Corporate,United States,Peoria,Illinois,61604,Central,FUR-FU-10004586,Furniture,Furnishings,G.E. Longer-Life Indoor Recessed Floodlight Bulbs,7.968,3,0.6,-2.3904
6822,CA-2017-163860,12/28/2017,01-01-2018,Standard Class,LO-17170,Lori Olson,Corporate,United States,Peoria,Illinois,61604,Central,FUR-FU-10001935,Furniture,Furnishings,3M Hangers With Command Adhesive,2.96,2,0.6,-1.406
6841,CA-2015-166338,12-06-2015,12-07-2015,First Class,MP-18175,Mike Pelletier,Home Office,United States,Troy,Ohio,45373,East,OFF-BI-10002852,Office Supplies,Binders,Ibico Standard Transparent Covers,14.832,3,0.7,-10.3824
6874,CA-2014-124394,10/17/2014,10/22/2014,Second Class,TB-21520,Tracy Blumstein,Consumer,United States,Beaumont,Texas,77705,Central,OFF-BI-10003676,Office Supplies,Binders,"GBC Standard Recycled Report Covers, Clear Plastic Sheets",10.78,5,0.8,-17.248
6878,US-2015-123918,10/15/2015,10/15/2015,Same Day,CG-12520,Claire Gute,Consumer,United States,Dallas,Texas,75217,Central,FUR-FU-10004952,Furniture,Furnishings,"C-Line Cubicle Keepers Polyproplyene Holder w/Velcro Back, 8-1/2x11, 25/Bx",131.376,6,0.6,-95.2476
6898,CA-2017-122028,8/18/2017,8/25/2017,Standard Class,CK-12205,Chloris Kastensmidt,Consumer,United States,Lakewood,Ohio,44107,East,OFF-BI-10004817,Office Supplies,Binders,GBC Personal VeloBind Strips,10.782,3,0.7,-7.9068
6900,US-2015-165512,5/24/2015,5/26/2015,Second Class,VS-21820,Vivek Sundaresam,Consumer,United States,Naperville,Illinois,60540,Central,OFF-BI-10001249,Office Supplies,Binders,Avery Heavy-Duty EZD View Binder with Locking Rings,7.656,6,0.8,-13.0152
6904,CA-2017-111220,09-02-2017,09-08-2017,Standard Class,JS-15595,Jill Stevenson,Corporate,United States,Chicago,Illinois,60653,Central,OFF-AP-10003278,Office Supplies,Appliances,Belkin 7-Outlet SurgeMaster Home Series,5.588,2,0.8,-15.0876
6910,CA-2014-126277,9/13/2014,9/18/2014,Second Class,LH-16900,Lena Hernandez,Consumer,United States,Columbus,Ohio,43229,East,OFF-BI-10004022,Office Supplies,Binders,Acco Suede Grain Vinyl Round Ring Binder,2.502,3,0.7,-2.0016
6916,CA-2014-142510,12/22/2014,12/29/2014,Standard Class,NP-18700,Nora Preis,Consumer,United States,Chicago,Illinois,60623,Central,OFF-BI-10002824,Office Supplies,Binders,Recycled Easel Ring Binders,17.904,6,0.8,-31.332
6920,CA-2015-102806,5/21/2015,5/28/2015,Standard Class,HG-14965,Henry Goldwyn,Corporate,United States,Philadelphia,Pennsylvania,19143,East,OFF-BI-10001597,Office Supplies,Binders,"Wilson Jones Ledger-Size, Piano-Hinge Binder, 2"", Blue",24.588,2,0.7,-18.0312
6924,CA-2015-134257,3/16/2015,3/19/2015,Second Class,MS-17710,Maurice Satty,Consumer,United States,Auburn,Alabama,36830,South,OFF-EN-10003845,Office Supplies,Envelopes,Colored Envelopes,0.0,2,0.0,3.3948
6930,CA-2016-140382,6/23/2016,6/25/2016,Second Class,RD-19900,Ruben Dartt,Consumer,United States,San Francisco,California,94109,West,TEC-PH-10003012,Technology,Phones,Nortel Meridian M3904 Professional Digital phone,862.344,0,0.2,97.0137
6937,CA-2016-129847,09-02-2016,09-04-2016,First Class,TA-21385,Tom Ashbrook,Home Office,United States,Chicago,Illinois,60653,Central,FUR-FU-10000277,Furniture,Furnishings,Deflect-o DuraMat Antistatic Studded Beveled Mat for Medium Pile Carpeting,84.272,2,0.6,-75.8448
6974,CA-2017-153822,9/19/2017,9/25/2017,Standard Class,AB-10105,Adrian Barton,Consumer,United States,Phoenix,Arizona,85023,West,OFF-BI-10001460,Office Supplies,Binders,Plastic Binding Combs,18.18,4,0.7,-13.938
6990,CA-2017-165099,12-11-2017,12/13/2017,First Class,DK-13375,Dennis Kane,Consumer,United States,Abilene,Texas,79605,Central,OFF-AP-10001634,Office Supplies,Appliances,Hoover Commercial Lightweight Upright Vacuum,1.392,2,0.8,-3.7584
6997,CA-2017-117443,12/23/2017,12/25/2017,Second Class,JB-15400,Jennifer Braxton,Corporate,United States,Rockford,Illinois,61107,Central,OFF-BI-10004002,Office Supplies,Binders,Wilson Jones International Size A4 Ring Binders,13.84,4,0.8,-22.144
7007,CA-2014-119466,12/15/2014,12/21/2014,Standard Class,SP-20860,Sung Pak,Corporate,United States,Chicago,Illinois,60623,Central,FUR-FU-10001546,Furniture,Furnishings,Dana Swing-Arm Lamps,8.544,2,0.6,-7.476
7008,CA-2015-154823,8/21/2015,8/25/2015,Standard Class,KN-16390,Katherine Nockton,Corporate,United States,Springfield,Ohio,45503,East,OFF-BI-10001098,Office Supplies,Binders,Acco D-Ring Binder w/DublLock,12.828,2,0.7,-8.9796
7068,CA-2016-114209,5/21/2016,5/26/2016,Standard Class,AS-10285,Alejandro Savely,Corporate,United States,Dallas,Texas,75081,Central,OFF-BI-10000343,Office Supplies,Binders,"Pressboard Covers with Storage Hooks, 9 1/2"" x 11"", Light Blue",1.964,2,0.8,-3.2406
7075,CA-2016-112256,7/23/2016,7/28/2016,Standard Class,CK-12205,Chloris Kastensmidt,Consumer,United States,Mcallen,Texas,78501,Central,OFF-BI-10004364,Office Supplies,Binders,Storex Dura Pro Binders,4.752,4,0.8,-8.316
7078,CA-2016-106950,09-02-2016,09-06-2016,Standard Class,JE-15715,Joe Elijah,Consumer,United States,Charlotte,North Carolina,28205,South,OFF-BI-10000014,Office Supplies,Binders,Heavy-Duty E-Z-D Binders,22.911,7,0.7,-17.5651
7083,CA-2016-106950,09-02-2016,09-06-2016,Standard Class,JE-15715,Joe Elijah,Consumer,United States,Charlotte,North Carolina,28205,South,OFF-BI-10003166,Office Supplies,Binders,GBC Plasticlear Binding Covers,17.22,5,0.7,-12.628
7086,CA-2017-112004,9/25/2017,9/28/2017,First Class,AH-10075,Adam Hart,Corporate,United States,Chester,Pennsylvania,19013,East,OFF-BI-10003476,Office Supplies,Binders,Avery Metallic Poly Binders,8.595,5,0.7,-6.303
7103,CA-2014-117478,9/21/2014,9/24/2014,First Class,LH-16750,Larry Hughes,Consumer,United States,Philadelphia,Pennsylvania,19140,East,OFF-BI-10000050,Office Supplies,Binders,"Angle-D Binders with Locking Rings, Label Holders",6.57,3,0.7,-5.037
7121,US-2014-147774,1/20/2014,1/26/2014,Standard Class,MM-18280,Muhammed MacIntyre,Corporate,United States,Smyrna,Tennessee,37167,South,OFF-BI-10003091,Office Supplies,Binders,GBC DocuBind TL200 Manual Binding Machine,67.194,1,0.7,-51.5154
7137,CA-2015-163965,11/20/2015,11/27/2015,Standard Class,SS-20875,Sung Shariari,Consumer,United States,Miami,Florida,33180,South,OFF-BI-10004728,Office Supplies,Binders,Wilson Jones Turn Tabs Binder Tool for Ring Binders,7.23,5,0.7,-5.784
7139,CA-2015-163965,11/20/2015,11/27/2015,Standard Class,SS-20875,Sung Shariari,Consumer,United States,Miami,Florida,33180,South,OFF-BI-10004593,Office Supplies,Binders,Ibico Laser Imprintable Binding System Covers,62.88,4,0.7,-50.304
7145,US-2017-141558,03-11-2017,3/16/2017,Standard Class,MH-17290,Marc Harrigan,Home Office,United States,Philadelphia,Pennsylvania,19140,East,OFF-BI-10002794,Office Supplies,Binders,"Avery Trapezoid Ring Binder, 3"" Capacity, Black, 1040 sheets",12.294,1,0.7,-8.6058
7154,CA-2015-106208,12-10-2015,12/15/2015,Standard Class,JW-16075,Julia West,Consumer,United States,Chicago,Illinois,60610,Central,OFF-AP-10004980,Office Supplies,Appliances,3M Replacement Filter for Office Air Cleaner for 20' x 33' Room,53.088,7,0.8,-108.8304
7176,US-2017-141677,3/26/2017,3/30/2017,Standard Class,HK-14890,Heather Kirkland,Corporate,United States,Houston,Texas,77070,Central,OFF-AP-10001205,Office Supplies,Appliances,Belkin 5 Outlet SurgeMaster Power Centers,87.168,8,0.8,-226.6368
7178,CA-2017-133067,05-04-2017,05-10-2017,Standard Class,MY-18295,Muhammed Yedwab,Corporate,United States,Philadelphia,Pennsylvania,19140,East,OFF-BI-10002897,Office Supplies,Binders,"Black Avery Memo-Size 3-Ring Binder, 5 1/2"" x 8 1/2""",2.202,2,0.7,-1.5414
7179,CA-2017-133067,05-04-2017,05-10-2017,Standard Class,MY-18295,Muhammed Yedwab,Corporate,United States,Philadelphia,Pennsylvania,19140,East,OFF-BI-10003694,Office Supplies,Binders,"Avery 3 1/2"" Diskette Storage Pages, 10/Pack",9.396,3,0.7,-7.5168
7188,CA-2017-133102,8/17/2017,8/24/2017,Standard Class,ED-13885,Emily Ducich,Home Office,United States,Houston,Texas,77095,Central,FUR-FU-10003247,Furniture,Furnishings,36X48 HARDFLOOR CHAIRMAT,16.784,2,0.6,-22.2388
7189,CA-2017-133102,8/17/2017,8/24/2017,Standard Class,ED-13885,Emily Ducich,Home Office,United States,Houston,Texas,77095,Central,OFF-AP-10001563,Office Supplies,Appliances,Belkin Premiere Surge Master II 8-outlet surge protector,38.864,4,0.8,-99.1032
7192,CA-2016-116918,10-01-2016,10-06-2016,Second Class,JK-15205,Jamie Kunitz,Consumer,United States,Hialeah,Florida,33012,South,OFF-BI-10004140,Office Supplies,Binders,Avery Non-Stick Binders,5.388,4,0.7,-4.49
7204,CA-2014-118276,12/29/2014,01-02-2015,Standard Class,MG-17890,Michael Granlund,Home Office,United States,Saint Charles,Illinois,60174,Central,FUR-FU-10002111,Furniture,Furnishings,"Master Caster Door Stop, Large Brown",8.736,3,0.6,-4.8048
7221,CA-2017-154760,01-09-2017,1/13/2017,Standard Class,BP-11290,Beth Paige,Consumer,United States,Philadelphia,Pennsylvania,19140,East,OFF-BI-10004632,Office Supplies,Binders,Ibico Hi-Tech Manual Binding System,274.491,3,0.7,-228.7425
7238,CA-2016-164924,07-10-2016,07-10-2016,Same Day,EA-14035,Erin Ashbrook,Corporate,United States,Philadelphia,Pennsylvania,19143,East,TEC-MA-10000904,Technology,Machines,"Brother MFC-9340CDW LED All-In-One Printer, Copier Scanner",341.991,3,0.7,-319.1916
7267,CA-2017-122987,8/16/2017,8/16/2017,Same Day,SJ-20215,Sarah Jordon,Consumer,United States,Columbia,Tennessee,38401,South,OFF-BI-10002824,Office Supplies,Binders,Recycled Easel Ring Binders,13.428,3,0.7,-11.19
7274,US-2016-150357,10-10-2016,10/14/2016,Standard Class,EB-13975,Erica Bern,Corporate,United States,Greensboro,North Carolina,27405,South,OFF-BI-10002557,Office Supplies,Binders,Presstex Flexible Ring Binders,4.095,3,0.7,-2.73
7282,CA-2017-159282,10/16/2017,10/21/2017,Standard Class,GH-14410,Gary Hansen,Home Office,United States,Yuma,Arizona,85364,West,TEC-MA-10001148,Technology,Machines,Swingline SM12-08 MicroCut Jam Free Shredder,599.985,5,0.7,-479.988
7283,CA-2017-155936,6/22/2017,6/29/2017,Standard Class,JK-15730,Joe Kamberova,Consumer,United States,Chicago,Illinois,60653,Central,OFF-BI-10002432,Office Supplies,Binders,Wilson Jones Standard D-Ring Binders,3.036,3,0.8,-5.0094
7300,CA-2014-163468,11/18/2014,11/21/2014,First Class,JK-15730,Joe Kamberova,Consumer,United States,Des Plaines,Illinois,60016,Central,FUR-FU-10001546,Furniture,Furnishings,Dana Swing-Arm Lamps,8.544,2,0.6,-7.476
7302,CA-2014-163468,11/18/2014,11/21/2014,First Class,JK-15730,Joe Kamberova,Consumer,United States,Des Plaines,Illinois,60016,Central,OFF-BI-10004728,Office Supplies,Binders,Wilson Jones Turn Tabs Binder Tool for Ring Binders,2.892,3,0.8,-4.9164
7312,CA-2015-162761,10-09-2015,10/13/2015,Standard Class,SC-20575,Sonia Cooley,Consumer,United States,Miami,Florida,33178,South,OFF-BI-10000145,Office Supplies,Binders,Zipper Ring Binder Pockets,1.872,2,0.7,-1.3104
7313,CA-2015-162761,10-09-2015,10/13/2015,Standard Class,SC-20575,Sonia Cooley,Consumer,United States,Miami,Florida,33178,South,OFF-BI-10002498,Office Supplies,Binders,Clear Mylar Reinforcing Strips,11.214,2,0.7,-8.5974
7319,CA-2017-158120,11/17/2017,11/21/2017,Standard Class,KH-16330,Katharine Harms,Corporate,United States,Hillsboro,Oregon,97123,West,OFF-BI-10002813,Office Supplies,Binders,Avery Reinforcements for Hole-Punch Pages,4.158,7,0.7,-3.465
7331,CA-2016-149349,11-12-2016,11/13/2016,First Class,SP-20650,Stephanie Phelps,Corporate,United States,Chicago,Illinois,60623,Central,FUR-FU-10001037,Furniture,Furnishings,"DAX Charcoal/Nickel-Tone Document Frame, 5 x 7",22.752,6,0.6,-8.532
7333,CA-2017-115119,10/26/2017,10/30/2017,Standard Class,SC-20440,Shaun Chance,Corporate,United States,Lancaster,Pennsylvania,17602,East,OFF-BI-10003007,Office Supplies,Binders,"Premium Transparent Presentation Covers, No Pattern/Clear, 8 1/2"" x 11""",81.438,7,0.7,-65.1504
7349,CA-2014-130421,03-03-2014,03-07-2014,Standard Class,SC-20020,Sam Craven,Consumer,United States,Houston,Texas,77095,Central,OFF-AP-10002534,Office Supplies,Appliances,3.6 Cubic Foot Counter Height Office Refrigerator,176.772,3,0.8,-459.6072
7366,CA-2016-127243,11/28/2016,12-04-2016,Standard Class,DS-13180,David Smith,Corporate,United States,Philadelphia,Pennsylvania,19140,East,OFF-BI-10003166,Office Supplies,Binders,GBC Plasticlear Binding Covers,6.888,2,0.7,-5.0512
7369,CA-2017-161851,4/15/2017,4/17/2017,First Class,BP-11095,Bart Pistole,Corporate,United States,Miami,Florida,33180,South,OFF-BI-10004654,Office Supplies,Binders,VariCap6 Expandable Binder,15.57,3,0.7,-11.937
7419,US-2016-114013,3/13/2016,3/15/2016,Second Class,SC-20770,Stewart Carmichael,Corporate,United States,Philadelphia,Pennsylvania,19134,East,OFF-BI-10004318,Office Supplies,Binders,Ibico EB-19 Dual Function Manual Binding System,51.897,1,0.7,-41.5176
7421,US-2016-114013,3/13/2016,3/15/2016,Second Class,SC-20770,Stewart Carmichael,Corporate,United States,Philadelphia,Pennsylvania,19134,East,OFF-BI-10002353,Office Supplies,Binders,GBC VeloBind Cover Sets,23.16,5,0.7,-15.44
7423,US-2016-114013,3/13/2016,3/15/2016,Second Class,SC-20770,Stewart Carmichael,Corporate,United States,Philadelphia,Pennsylvania,19134,East,TEC-MA-10001148,Technology,Machines,Okidata MB491 Multifunction Printer,449.1,3,0.7,-643.71
7427,CA-2016-101693,6/25/2016,6/27/2016,Second Class,LC-17140,Logan Currie,Consumer,United States,Houston,Texas,77070,Central,FUR-FU-10003919,Furniture,Furnishings,Eldon Executive Woodline II Cherry Finish Desk Accessories,32.712,2,0.6,-26.1696
7434,CA-2014-161249,08-09-2014,8/13/2014,Standard Class,RD-19720,Roger Demir,Consumer,United States,Phoenix,Arizona,85023,West,OFF-BI-10001097,Office Supplies,Binders,Avery Hole Reinforcements,9.345,5,0.7,-6.5415
7439,CA-2015-145457,3/24/2015,3/27/2015,Second Class,CP-12085,Cathy Prescott,Corporate,United States,Covington,Washington,98042,West,FUR-FU-10003832,Furniture,Furnishings,"Eldon Expressions Punched Metal & Wood Desk Accessories, Black & Cherry",0.0,5,0.0,13.132
7447,CA-2017-127474,02-03-2017,02-07-2017,Second Class,RD-19810,Ross DeVincentis,Home Office,United States,Chicago,Illinois,60610,Central,FUR-FU-10004597,Furniture,Furnishings,Eldon Cleatmat Chair Mats for Medium Pile Carpets,22.2,1,0.6,-26.085
7452,CA-2017-105669,9/17/2017,9/22/2017,Second Class,SJ-20125,Sanjit Jacobs,Home Office,United States,Houston,Texas,77036,Central,OFF-BI-10002412,Office Supplies,Binders,Wilson Jones Snap Scratch Pad Binder Tool for Ring Binders,5.8,5,0.8,-10.15
7471,CA-2015-100734,9/15/2015,9/20/2015,Standard Class,AC-10615,Ann Chong,Corporate,United States,Philadelphia,Pennsylvania,19143,East,OFF-BI-10002609,Office Supplies,Binders,Avery Hidden Tab Dividers for Binding Systems,3.576,4,0.7,-2.8608
7495,US-2017-160836,09-11-2017,9/16/2017,Standard Class,CC-12475,Cindy Chapman,Consumer,United States,Houston,Texas,77070,Central,OFF-AP-10001626,Office Supplies,Appliances,"Commercial WindTunnel Clean Air Upright Vacuum, Replacement Belts, Filtration Bags",1.556,2,0.8,-4.2012
7506,US-2017-106579,06-08-2017,6/13/2017,Standard Class,BW-11200,Ben Wallace,Consumer,United States,Skokie,Illinois,60076,Central,OFF-BI-10000309,Office Supplies,Binders,"GBC Twin Loop Wire Binding Elements, 9/16"" Spine, Black",12.176,4,0.8,-18.8728
7522,CA-2016-162383,09-05-2016,09-11-2016,Standard Class,MD-17350,Maribeth Dona,Consumer,United States,Lancaster,Ohio,43130,East,OFF-BI-10002824,Office Supplies,Binders,Recycled Easel Ring Binders,8.952,2,0.7,-7.46
7523,CA-2016-162383,09-05-2016,09-11-2016,Standard Class,MD-17350,Maribeth Dona,Consumer,United States,Lancaster,Ohio,43130,East,OFF-BI-10001757,Office Supplies,Binders,Pressboard Hanging Data Binders for Unburst Sheets,8.856,6,0.7,-6.4944
7537,CA-2017-103415,12-03-2017,12-08-2017,Standard Class,MV-17485,Mark Van Huff,Consumer,United States,Houston,Texas,77041,Central,FUR-FU-10000820,Furniture,Furnishings,Tensor Brushed Steel Torchiere Floor Lamp,13.592,2,0.6,-14.2716
7540,US-2017-112347,12-02-2017,12-06-2017,Standard Class,BS-11380,Bill Stewart,Corporate,United States,Denver,Colorado,80219,West,OFF-BI-10003707,Office Supplies,Binders,Aluminum Screw Posts,36.624,8,0.7,-24.416
7541,US-2017-112347,12-02-2017,12-06-2017,Standard Class,BS-11380,Bill Stewart,Corporate,United States,Denver,Colorado,80219,West,FUR-BO-10003546,Furniture,Bookcases,Hon 4-Shelf Metal Bookcases,242.352,8,0.7,-363.528
7548,CA-2014-103492,10-10-2014,10/15/2014,Standard Class,CM-12715,Craig Molinari,Corporate,United States,Huntsville,Texas,77340,Central,OFF-BI-10004817,Office Supplies,Binders,GBC Personal VeloBind Strips,11.98,5,0.8,-19.168
7549,CA-2014-103492,10-10-2014,10/15/2014,Standard Class,CM-12715,Craig Molinari,Corporate,United States,Huntsville,Texas,77340,Central,OFF-BI-10004140,Office Supplies,Binders,Avery Non-Stick Binders,0.898,1,0.8,-1.5715
7550,CA-2016-136595,09-05-2016,09-07-2016,First Class,EM-13825,Elizabeth Moffitt,Corporate,United States,Houston,Texas,77036,Central,FUR-FU-10004671,Furniture,Furnishings,"Executive Impressions 12"" Wall Clock",21.204,3,0.6,-11.6622
7601,CA-2014-131947,9/17/2014,9/22/2014,Standard Class,JA-15970,Joseph Airdo,Consumer,United States,Springfield,Oregon,97477,West,TEC-MA-10004086,Technology,Machines,Plantronics Single Ear Headset,29.925,5,0.7,-21.945
7605,CA-2016-101791,5/27/2016,5/31/2016,Standard Class,BS-11665,Brian Stugart,Consumer,United States,Chicago,Illinois,60623,Central,FUR-FU-10003247,Furniture,Furnishings,36X48 HARDFLOOR CHAIRMAT,25.176,3,0.6,-33.3582
7606,CA-2016-101791,5/27/2016,5/31/2016,Standard Class,BS-11665,Brian Stugart,Consumer,United States,Chicago,Illinois,60623,Central,FUR-FU-10002191,Furniture,Furnishings,G.E. Halogen Desk Lamp Bulbs,5.584,2,0.6,-1.6752
7616,CA-2014-148425,11/30/2014,12-04-2014,Standard Class,RF-19345,Randy Ferguson,Corporate,United States,Orlando,Florida,32839,South,OFF-BI-10000201,Office Supplies,Binders,"Avery Triangle Shaped Sheet Lifters, Black, 2/Pack",6.642,9,0.7,-4.428
7642,US-2016-157490,10-06-2016,10-07-2016,First Class,LB-16795,Laurel Beltran,Home Office,United States,Pueblo,Colorado,81001,West,TEC-MA-10001695,Technology,Machines,Zebra GK420t Direct Thermal/Thermal Transfer Printer,703.71,6,0.7,-938.28
7643,US-2016-157490,10-06-2016,10-07-2016,First Class,LB-16795,Laurel Beltran,Home Office,United States,Pueblo,Colorado,81001,West,OFF-BI-10002824,Office Supplies,Binders,Recycled Easel Ring Binders,17.904,4,0.7,-14.92
7644,US-2016-157490,10-06-2016,10-07-2016,First Class,LB-16795,Laurel Beltran,Home Office,United States,Pueblo,Colorado,81001,West,OFF-BI-10002571,Office Supplies,Binders,"Avery Framed View Binder, EZD Ring (Locking), Navy, 1 1/2""",11.976,4,0.7,-9.1816
7659,CA-2017-155740,7/30/2017,08-02-2017,First Class,TC-21475,Tony Chapman,Home Office,United States,Lakewood,Ohio,44107,East,OFF-BI-10001071,Office Supplies,Binders,GBC ProClick Punch Binding System,76.776,4,0.7,-53.7432
7661,CA-2014-105417,01-07-2014,01-12-2014,Standard Class,VS-21820,Vivek Sundaresam,Consumer,United States,Huntsville,Texas,77340,Central,FUR-FU-10004864,Furniture,Furnishings,"Howard Miller 14-1/2"" Diameter Chrome Round Wall Clock",76.728,3,0.6,-53.7096
7662,CA-2014-105417,01-07-2014,01-12-2014,Standard Class,VS-21820,Vivek Sundaresam,Consumer,United States,Huntsville,Texas,77340,Central,OFF-BI-10003708,Office Supplies,Binders,"Acco Four Pocket Poly Ring Binder with Label Holder, Smoke, 1""",10.43,7,0.8,-18.2525
7689,CA-2016-169838,11/25/2016,11/29/2016,Standard Class,BB-11545,Brenda Bowman,Corporate,United States,Jackson,Michigan,49201,Central,TEC-AC-10004518,Technology,Accessories,Memorex Mini Travel Drive 32 GB USB 2.0 Flash Drive,160.0,0,0.0,62.4
7697,CA-2017-107958,07-02-2017,07-05-2017,First Class,AH-10120,Adrian Hane,Home Office,United States,Houston,Texas,77036,Central,OFF-BI-10001787,Office Supplies,Binders,Wilson Jones Four-Pocket Poly Binders,5.232,4,0.8,-8.1096
7710,CA-2014-139542,10/25/2014,10/29/2014,Standard Class,EH-14185,Evan Henry,Consumer,United States,Philadelphia,Pennsylvania,19120,East,OFF-BI-10000309,Office Supplies,Binders,"GBC Twin Loop Wire Binding Elements, 9/16"" Spine, Black",13.698,3,0.7,-9.5886
7718,CA-2015-149636,01-06-2015,01-12-2015,Standard Class,SP-20620,Stefania Perrino,Corporate,United States,Colorado Springs,Colorado,80906,West,OFF-BI-10002764,Office Supplies,Binders,Recycled Pressboard Report Cover with Reinforced Top Hinge,1.938,2,0.7,-1.3566
7772,CA-2016-108196,11/25/2016,12-02-2016,Standard Class,CS-12505,Cindy Stewart,Consumer,United States,Lancaster,Ohio,43130,East,OFF-BI-10000545,Office Supplies,Binders,GBC Ibimaster 500 Manual ProClick Binding System,456.588,2,0.7,-304.392
7773,CA-2016-108196,11/25/2016,12-02-2016,Standard Class,CS-12505,Cindy Stewart,Consumer,United States,Lancaster,Ohio,43130,East,TEC-MA-10000418,Technology,Machines,Cubify CubeX 3D Printer Double Head Print,4499.985,5,0.7,-6599.978
7782,CA-2015-132136,03-08-2015,03-12-2015,Standard Class,FO-14305,Frank Olsen,Consumer,United States,Chicago,Illinois,60623,Central,OFF-BI-10002706,Office Supplies,Binders,Avery Premier Heavy-Duty Binder with Round Locking Rings,8.568,3,0.8,-14.5656
7787,US-2016-117037,5/17/2016,5/20/2016,First Class,LW-17215,Luke Weiss,Consumer,United States,Chicago,Illinois,60653,Central,OFF-BI-10000279,Office Supplies,Binders,"Acco Recycled 2"" Capacity Laser Printer Hanging Data Binders",2.89,1,0.8,-4.7685
7789,US-2016-117037,5/17/2016,5/20/2016,First Class,LW-17215,Luke Weiss,Consumer,United States,Chicago,Illinois,60653,Central,FUR-FU-10004973,Furniture,Furnishings,Flat Face Poster Frame,22.608,3,0.6,-10.1736
7791,CA-2017-160801,9/19/2017,9/19/2017,Same Day,FG-14260,Frank Gastineau,Home Office,United States,Philadelphia,Pennsylvania,19120,East,OFF-BI-10001132,Office Supplies,Binders,"Acco PRESSTEX Data Binder with Storage Hooks, Dark Blue, 9 1/2"" X 11""",4.842,3,0.7,-3.3894
7792,CA-2016-108364,12/19/2016,12/24/2016,Standard Class,BP-11050,Barry Pond,Corporate,United States,Chicago,Illinois,60623,Central,OFF-BI-10002012,Office Supplies,Binders,Wilson Jones Easy Flow II Sheet Lifters,1.8,5,0.8,-2.88
7807,CA-2015-102260,9/22/2015,9/26/2015,Standard Class,SJ-20125,Sanjit Jacobs,Home Office,United States,Franklin,Tennessee,37064,South,OFF-BI-10000042,Office Supplies,Binders,"Pressboard Data Binder, Crimson, 12"" X 8 1/2""",3.204,2,0.7,-2.5632
7808,US-2016-137295,01-08-2016,1/13/2016,Standard Class,VS-21820,Vivek Sundaresam,Consumer,United States,Raleigh,North Carolina,27604,South,OFF-BI-10004236,Office Supplies,Binders,"XtraLife ClearVue Slant-D Ring Binder, White, 3""",30.828,7,0.7,-24.6624
7848,CA-2016-128706,2/27/2016,03-02-2016,Standard Class,DW-13540,Don Weiss,Consumer,United States,Houston,Texas,77070,Central,FUR-FU-10004053,Furniture,Furnishings,DAX Two-Tone Silver Metal Document Frame,16.192,2,0.6,-6.8816
7853,CA-2014-169649,12-09-2014,12/15/2014,Standard Class,TS-21205,Thomas Seio,Corporate,United States,Chicago,Illinois,60653,Central,OFF-AP-10003287,Office Supplies,Appliances,Tripp Lite TLP810NET Broadband Surge for Modem/Fax,20.388,2,0.8,-53.0088
7861,CA-2017-152261,03-02-2017,03-06-2017,Standard Class,JA-15970,Joseph Airdo,Consumer,United States,Cuyahoga Falls,Ohio,44221,East,OFF-BI-10002353,Office Supplies,Binders,GBC VeloBind Cover Sets,18.528,4,0.7,-12.352
7867,CA-2015-143364,7/14/2015,7/19/2015,Second Class,TG-21310,Toby Gnade,Consumer,United States,Mesa,Arizona,85204,West,FUR-BO-10001608,Furniture,Bookcases,"Hon Metal Bookcases, Black",127.764,6,0.7,-191.646
7879,CA-2016-160241,11/29/2016,12-04-2016,Second Class,DR-12940,Daniel Raglin,Home Office,United States,Aurora,Illinois,60505,Central,FUR-FU-10003806,Furniture,Furnishings,"Tenex Chairmat w/ Average Lip, 45"" x 53""",242.176,4,0.6,-302.72
7899,CA-2017-128363,8/13/2017,8/18/2017,Standard Class,DC-12850,Dan Campbell,Consumer,United States,Memphis,Tennessee,38109,South,OFF-BI-10001359,Office Supplies,Binders,GBC DocuBind TL300 Electric Binding System,1614.582,6,0.7,-1237.8462
7907,US-2015-118766,10/15/2015,10/22/2015,Standard Class,LS-16975,Lindsay Shagiari,Home Office,United States,Dallas,Texas,75217,Central,OFF-BI-10002813,Office Supplies,Binders,Avery Reinforcements for Hole-Punch Pages,3.96,10,0.8,-6.93
7913,CA-2016-167605,4/28/2016,4/30/2016,Second Class,RB-19570,Rob Beeghly,Consumer,United States,Saint Charles,Illinois,60174,Central,FUR-FU-10001602,Furniture,Furnishings,"Eldon Delta Triangular Chair Mat, 52"" x 58"", Clear",30.344,2,0.6,-31.8612
7924,CA-2017-134096,9/24/2017,9/29/2017,Standard Class,PP-18955,Paul Prost,Home Office,United States,Hollywood,Florida,33021,South,OFF-BI-10004002,Office Supplies,Binders,Wilson Jones International Size A4 Ring Binders,15.57,3,0.7,-11.418
7943,CA-2017-134194,12/25/2017,01-01-2018,Standard Class,GA-14725,Guy Armstrong,Consumer,United States,Dallas,Texas,75081,Central,OFF-BI-10003684,Office Supplies,Binders,Wilson Jones Legal Size Ring Binders,39.582,9,0.8,-59.373
7945,CA-2017-134194,12/25/2017,01-01-2018,Standard Class,GA-14725,Guy Armstrong,Consumer,United States,Dallas,Texas,75081,Central,OFF-AR-10001615,Office Supplies,Art,Newell 34,0.0,2,0.2,2.3808
7946,CA-2017-134194,12/25/2017,01-01-2018,Standard Class,GA-14725,Guy Armstrong,Consumer,United States,Dallas,Texas,75081,Central,OFF-BI-10001597,Office Supplies,Binders,"Wilson Jones Ledger-Size, Piano-Hinge Binder, 2"", Blue",40.98,5,0.8,-65.568
7947,CA-2017-134194,12/25/2017,01-01-2018,Standard Class,GA-14725,Guy Armstrong,Consumer,United States,Dallas,Texas,75081,Central,OFF-BI-10001116,Office Supplies,Binders,"Wilson Jones 1"" Hanging DublLock Ring Binders",3.168,3,0.8,-5.0688
7950,CA-2014-131009,03-01-2014,03-05-2014,Standard Class,SC-20380,Shahid Collister,Consumer,United States,El Paso,Texas,79907,Central,FUR-FU-10001095,Furniture,Furnishings,DAX Black Cherry Wood-Tone Poster Frame,63.552,6,0.6,-34.9536
7963,CA-2017-104864,11/18/2017,11/23/2017,Second Class,JS-15685,Jim Sink,Corporate,United States,Miramar,Florida,33023,South,OFF-BI-10001636,Office Supplies,Binders,Ibico Plastic and Wire Spiral Binding Combs,20.232,8,0.7,-16.1856
7968,CA-2016-157707,10-10-2016,10-12-2016,First Class,CC-12610,Corey Catlett,Corporate,United States,Denver,Colorado,80219,West,FUR-BO-10001567,Furniture,Bookcases,"Bush Westfield Collection Bookcases, Dark Cherry Finish, Fully Assembled",90.882,3,0.7,-190.8522
7974,US-2015-126753,8/16/2015,8/20/2015,Standard Class,SP-20860,Sung Pak,Corporate,United States,Philadelphia,Pennsylvania,19134,East,OFF-BI-10003981,Office Supplies,Binders,"Avery Durable Plastic 1"" Binders",2.724,2,0.7,-1.9068
7976,US-2015-126753,8/16/2015,8/20/2015,Standard Class,SP-20860,Sung Pak,Corporate,United States,Philadelphia,Pennsylvania,19134,East,OFF-BI-10003727,Office Supplies,Binders,Avery Durable Slant Ring Binders With Label Holder,3.762,3,0.7,-2.7588
7981,CA-2014-103800,01-03-2014,01-07-2014,Standard Class,DP-13000,Darren Powers,Consumer,United States,Houston,Texas,77095,Central,OFF-PA-10000174,Office Supplies,Paper,"Message Book, Wirebound, Four 5 1/2"" X 4"" Forms/Pg., 200 Dupl. Sets/Book",16.448,2,0.7,5.5512
7992,CA-2016-133872,6/14/2016,6/17/2016,First Class,VM-21835,Vivian Mathis,Consumer,United States,Boca Raton,Florida,33433,South,OFF-BI-10002082,Office Supplies,Binders,GBC Twin Loop Wire Binding Elements,39.936,4,0.7,-26.624
7994,US-2015-165743,11/20/2015,11/23/2015,Second Class,MM-18055,Michelle Moray,Consumer,United States,Aurora,Colorado,80013,West,OFF-BI-10001982,Office Supplies,Binders,Wilson Jones Custom Binder Spines & Labels,4.896,3,0.7,-3.4272
7995,US-2015-165743,11/20/2015,11/23/2015,Second Class,MM-18055,Michelle Moray,Consumer,United States,Aurora,Colorado,80013,West,FUR-BO-10002268,Furniture,Bookcases,Sauder Barrister Bookcases,145.764,6,0.7,-247.7988
7996,US-2015-165743,11/20/2015,11/23/2015,Second Class,MM-18055,Michelle Moray,Consumer,United States,Aurora,Colorado,80013,West,OFF-BI-10001758,Office Supplies,Binders,Wilson Jones 14 Line Acrylic Coated Pressboard Data Binders,9.612,6,0.7,-7.3692
8022,CA-2014-129189,7/21/2014,7/25/2014,Standard Class,HM-14860,Harry Marie,Corporate,United States,Dallas,Texas,75217,Central,OFF-AP-10000124,Office Supplies,Appliances,Acco 6 Outlet Guardian Basic Surge Suppressor,4.992,3,0.8,-12.9792
8025,CA-2014-129189,7/21/2014,7/25/2014,Standard Class,HM-14860,Harry Marie,Corporate,United States,Dallas,Texas,75217,Central,OFF-BI-10000494,Office Supplies,Binders,Acco Economy Flexible Poly Round Ring Binder,1.044,1,0.8,-1.827
8031,CA-2016-158806,01-07-2016,01-11-2016,Standard Class,NM-18520,Neoma Murray,Consumer,United States,Amarillo,Texas,79109,Central,FUR-FU-10004270,Furniture,Furnishings,"Executive Impressions 13"" Clairmont Wall Clock",23.076,3,0.6,-10.9611
8034,CA-2015-119690,6/25/2015,6/28/2015,First Class,MV-17485,Mark Van Huff,Consumer,United States,Houston,Texas,77041,Central,OFF-BI-10000201,Office Supplies,Binders,"Avery Triangle Shaped Sheet Lifters, Black, 2/Pack",0.984,2,0.8,-1.476
8035,CA-2015-119690,6/25/2015,6/28/2015,First Class,MV-17485,Mark Van Huff,Consumer,United States,Houston,Texas,77041,Central,FUR-FU-10004587,Furniture,Furnishings,"GE General Use Halogen Bulbs, 100 Watts, 1 Bulb per Pack",75.384,9,0.6,-20.7306
8047,CA-2016-113600,12/15/2016,12/17/2016,Second Class,SH-20395,Shahid Hopkins,Consumer,United States,Cuyahoga Falls,Ohio,44221,East,OFF-BI-10000201,Office Supplies,Binders,"Avery Triangle Shaped Sheet Lifters, Black, 2/Pack",2.214,3,0.7,-1.476
8050,CA-2014-144974,9/26/2014,9/30/2014,Standard Class,CM-12715,Craig Molinari,Corporate,United States,Philadelphia,Pennsylvania,19140,East,OFF-BI-10003274,Office Supplies,Binders,"Avery Durable Slant Ring Binders, No Labels",5.97,5,0.7,-4.577
8054,CA-2017-152205,9/28/2017,10-05-2017,Standard Class,SF-20965,Sylvia Foulston,Corporate,United States,Philadelphia,Pennsylvania,19134,East,OFF-BI-10004094,Office Supplies,Binders,GBC Standard Plastic Binding Systems Combs,2.655,1,0.7,-1.8585
8071,CA-2017-151750,01-01-2017,01-05-2017,Standard Class,JM-15250,Janet Martin,Consumer,United States,Huntsville,Texas,77340,Central,FUR-FU-10002116,Furniture,Furnishings,"Tenex Carpeted, Granite-Look or Clear Contemporary Contour Shape Chair Mats",141.42,5,0.6,-187.3815
8074,CA-2017-151750,01-01-2017,01-05-2017,Standard Class,JM-15250,Janet Martin,Consumer,United States,Huntsville,Texas,77340,Central,OFF-BI-10000301,Office Supplies,Binders,GBC Instant Report Kit,6.47,5,0.8,-9.705
8075,CA-2017-151750,01-01-2017,01-05-2017,Standard Class,JM-15250,Janet Martin,Consumer,United States,Huntsville,Texas,77340,Central,OFF-BI-10000343,Office Supplies,Binders,"Pressboard Covers with Storage Hooks, 9 1/2"" x 11"", Light Blue",13.748,14,0.8,-22.6842
8076,CA-2017-151750,01-01-2017,01-05-2017,Standard Class,JM-15250,Janet Martin,Consumer,United States,Huntsville,Texas,77340,Central,OFF-AP-10004708,Office Supplies,Appliances,Fellowes Superior 10 Outlet Split Surge Protector,15.224,2,0.8,-38.8212
8084,CA-2015-150714,10/26/2015,11-01-2015,Standard Class,KH-16690,Kristen Hastings,Corporate,United States,Springfield,Oregon,97477,West,OFF-BI-10002982,Office Supplies,Binders,Avery Self-Adhesive Photo Pockets for Polaroid Photos,14.301,7,0.7,-10.4874
8113,CA-2016-130393,12-01-2016,12-03-2016,Second Class,JM-15865,John Murray,Consumer,United States,San Angelo,Texas,76903,Central,OFF-AP-10004859,Office Supplies,Appliances,Acco 6 Outlet Guardian Premium Surge Suppressor,11.648,4,0.8,-30.8672
8118,US-2017-113201,6/30/2017,07-05-2017,Standard Class,TT-21220,Thomas Thornton,Consumer,United States,Los Angeles,California,90045,West,OFF-PA-10000675,Office Supplies,Paper,Xerox 1919,204.95,0,0.0,100.4255
8126,CA-2015-137064,02-06-2015,2/13/2015,Standard Class,TS-21655,Trudy Schmidt,Consumer,United States,Houston,Texas,77070,Central,OFF-BI-10002049,Office Supplies,Binders,UniKeep View Case Binders,2.934,3,0.8,-4.9878
8129,CA-2017-157350,8/26/2017,09-01-2017,Standard Class,DP-13000,Darren Powers,Consumer,United States,Chicago,Illinois,60610,Central,FUR-FU-10000222,Furniture,Furnishings,"Seth Thomas 16"" Steel Case Clock",64.96,5,0.6,-43.848
8134,CA-2015-131352,10-08-2015,10/13/2015,Standard Class,GH-14485,Gene Hale,Corporate,United States,Dallas,Texas,75081,Central,FUR-FU-10003708,Furniture,Furnishings,"Tenex Traditional Chairmats for Medium Pile Carpet, Standard Lip, 36"" x 48""",72.78,3,0.6,-70.9605
8183,CA-2017-155642,5/18/2017,5/22/2017,Standard Class,BM-11575,Brendan Murry,Corporate,United States,Chicago,Illinois,60653,Central,FUR-FU-10004973,Furniture,Furnishings,Flat Face Poster Frame,22.608,3,0.6,-10.1736
8184,CA-2017-155642,5/18/2017,5/22/2017,Standard Class,BM-11575,Brendan Murry,Corporate,United States,Chicago,Illinois,60653,Central,FUR-FU-10001918,Furniture,Furnishings,C-Line Cubicle Keepers Polyproplyene Holder With Velcro Backings,1.892,1,0.6,-0.9933
8193,CA-2015-141327,11/30/2015,12-03-2015,First Class,LR-16915,Lena Radford,Consumer,United States,Durham,North Carolina,27707,South,OFF-BI-10000546,Office Supplies,Binders,Avery Durable Binders,6.048,7,0.7,-4.2336
8200,CA-2017-125269,4/24/2017,4/30/2017,Standard Class,AF-10870,Art Ferguson,Consumer,United States,Chicago,Illinois,60610,Central,OFF-BI-10001628,Office Supplies,Binders,"Acco Data Flex Cable Posts For Top & Bottom Load Binders, 6"" Capacity",10.43,5,0.8,-18.2525
8209,CA-2015-141565,9/20/2015,9/24/2015,Standard Class,BG-11035,Barry Gonzalez,Consumer,United States,Nashville,Tennessee,37211,South,OFF-BI-10000545,Office Supplies,Binders,GBC Ibimaster 500 Manual ProClick Binding System,1369.764,6,0.7,-913.176
8212,CA-2016-116337,11-07-2016,11-12-2016,Standard Class,MC-17845,Michael Chen,Consumer,United States,Dallas,Texas,75220,Central,FUR-FU-10002030,Furniture,Furnishings,"Executive Impressions 14"" Contract Wall Clock with Quartz Movement",44.46,5,0.6,-17.784
8214,CA-2015-120845,9/25/2015,10-02-2015,Standard Class,ML-17395,Marina Lichtenstein,Corporate,United States,Murfreesboro,Tennessee,37130,South,OFF-BI-10001116,Office Supplies,Binders,"Wilson Jones 1"" Hanging DublLock Ring Binders",6.336,4,0.7,-4.6464
8216,CA-2015-120845,9/25/2015,10-02-2015,Standard Class,ML-17395,Marina Lichtenstein,Corporate,United States,Murfreesboro,Tennessee,37130,South,OFF-BI-10004506,Office Supplies,Binders,Wilson Jones data.warehouse D-Ring Binders with DublLock,2.469,1,0.7,-1.8106
8217,CA-2015-120845,9/25/2015,10-02-2015,Standard Class,ML-17395,Marina Lichtenstein,Corporate,United States,Murfreesboro,Tennessee,37130,South,OFF-BI-10001982,Office Supplies,Binders,Wilson Jones Custom Binder Spines & Labels,3.264,2,0.7,-2.2848
8219,CA-2014-120775,10-03-2014,10-07-2014,Standard Class,RD-19930,Russell D'Ascenzo,Consumer,United States,Dallas,Texas,75217,Central,FUR-FU-10000758,Furniture,Furnishings,DAX Natural Wood-Tone Poster Frame,31.776,3,0.6,-19.0656
8221,CA-2014-120775,10-03-2014,10-07-2014,Standard Class,RD-19930,Russell D'Ascenzo,Consumer,United States,Dallas,Texas,75217,Central,OFF-BI-10002609,Office Supplies,Binders,Avery Hidden Tab Dividers for Binding Systems,1.788,3,0.8,-3.0396
8247,CA-2015-129217,05-10-2015,05-10-2015,Same Day,DP-13390,Dennis Pardue,Home Office,United States,Aurora,Illinois,60505,Central,OFF-AP-10002439,Office Supplies,Appliances,Tripp Lite Isotel 8 Ultra 8 Outlet Metal Surge,70.97,5,0.8,-191.619
8250,CA-2015-140221,03-05-2015,03-09-2015,Second Class,MS-17365,Maribeth Schnelling,Consumer,United States,Chicago,Illinois,60653,Central,OFF-BI-10002854,Office Supplies,Binders,"Performers Binder/Pad Holder, Black",11.212,2,0.8,-16.818
8251,CA-2015-140221,03-05-2015,03-09-2015,Second Class,MS-17365,Maribeth Schnelling,Consumer,United States,Chicago,Illinois,60653,Central,FUR-FU-10000023,Furniture,Furnishings,Eldon Wave Desk Accessories,4.712,2,0.6,-1.8848
8252,CA-2015-140221,03-05-2015,03-09-2015,Second Class,MS-17365,Maribeth Schnelling,Consumer,United States,Chicago,Illinois,60653,Central,OFF-AP-10000828,Office Supplies,Appliances,Avanti 4.4 Cu. Ft. Refrigerator,180.98,5,0.8,-470.548
8264,CA-2015-138457,9/13/2015,9/17/2015,Standard Class,AM-10705,Anne McFarland,Consumer,United States,Jacksonville,North Carolina,28540,South,OFF-BI-10000014,Office Supplies,Binders,Heavy-Duty E-Z-D Binders,13.092,4,0.7,-10.0372
8277,US-2016-139262,2/21/2016,2/25/2016,Standard Class,LC-16960,Lindsay Castell,Home Office,United States,Tampa,Florida,33614,South,OFF-BI-10003727,Office Supplies,Binders,Avery Durable Slant Ring Binders With Label Holder,3.762,3,0.7,-2.7588
8278,US-2016-139262,2/21/2016,2/25/2016,Standard Class,LC-16960,Lindsay Castell,Home Office,United States,Tampa,Florida,33614,South,OFF-BI-10002026,Office Supplies,Binders,Avery Arch Ring Binders,34.86,2,0.7,-26.726
8286,CA-2015-154284,12/21/2015,12/26/2015,Second Class,SZ-20035,Sam Zeldin,Home Office,United States,Saint Charles,Illinois,60174,Central,FUR-FU-10003039,Furniture,Furnishings,"Howard Miller 11-1/2"" Diameter Grantwood Wall Clock",51.756,3,0.6,-33.6414
8293,CA-2015-106362,12-11-2015,12/15/2015,Standard Class,LC-16885,Lena Creighton,Consumer,United States,Troy,Ohio,45373,East,OFF-BI-10003166,Office Supplies,Binders,GBC Plasticlear Binding Covers,10.332,3,0.7,-7.5768
8322,US-2016-149790,9/26/2016,10-01-2016,Standard Class,SC-20380,Shahid Collister,Consumer,United States,Houston,Texas,77095,Central,OFF-BI-10002026,Office Supplies,Binders,Ibico Recycled Linen-Style Covers,15.624,2,0.8,-24.9984
8327,CA-2017-103478,7/21/2017,7/24/2017,Second Class,KL-16555,Kelly Lampkin,Corporate,United States,Aurora,Illinois,60505,Central,OFF-BI-10001890,Office Supplies,Binders,Avery Poly Binder Pockets,2.864,4,0.8,-4.5824
8328,CA-2017-103478,7/21/2017,7/24/2017,Second Class,KL-16555,Kelly Lampkin,Corporate,United States,Aurora,Illinois,60505,Central,OFF-BI-10004224,Office Supplies,Binders,Catalog Binders with Expanding Posts,94.192,7,0.8,-164.836
8353,CA-2017-132199,05-03-2017,05-08-2017,Standard Class,BO-11350,Bill Overfelt,Corporate,United States,Philadelphia,Pennsylvania,19134,East,OFF-BI-10003684,Office Supplies,Binders,Wilson Jones Legal Size Ring Binders,26.388,4,0.7,-17.592
8355,CA-2017-132199,05-03-2017,05-08-2017,Standard Class,BO-11350,Bill Overfelt,Corporate,United States,Philadelphia,Pennsylvania,19134,East,OFF-BI-10002133,Office Supplies,Binders,"Wilson Jones Elliptical Ring 3 1/2"" Capacity Binders, 800 sheets",64.2,5,0.7,-44.94
8362,CA-2017-147207,01-02-2017,01-04-2017,Second Class,TS-21655,Trudy Schmidt,Consumer,United States,El Paso,Texas,79907,Central,OFF-AP-10000027,Office Supplies,Appliances,Hoover Commercial SteamVac,5.432,2,0.8,-13.58
8372,CA-2014-165393,12/27/2014,12/30/2014,First Class,NC-18415,Nathan Cano,Consumer,United States,Fort Worth,Texas,76106,Central,OFF-BI-10001658,Office Supplies,Binders,GBC Standard Therm-A-Bind Covers,4.984,1,0.8,-8.4728
8398,US-2014-120236,09-03-2014,09-04-2014,First Class,MR-17545,Mathew Reese,Home Office,United States,Houston,Texas,77095,Central,OFF-BI-10004099,Office Supplies,Binders,GBC VeloBinder Strips,7.68,5,0.8,-11.52
8426,CA-2016-137652,8/28/2016,8/30/2016,First Class,EB-13750,Edward Becker,Corporate,United States,Cincinnati,Ohio,45231,East,OFF-BI-10004099,Office Supplies,Binders,GBC VeloBinder Strips,18.432,8,0.7,-12.288
8435,US-2014-127635,9/14/2014,9/18/2014,Second Class,SC-20260,Scott Cohen,Corporate,United States,Corpus Christi,Texas,78415,Central,FUR-FU-10000550,Furniture,Furnishings,Stacking Trays by OIC,9.96,5,0.6,-6.723
8436,US-2014-127635,9/14/2014,9/18/2014,Second Class,SC-20260,Scott Cohen,Corporate,United States,Corpus Christi,Texas,78415,Central,OFF-BI-10001721,Office Supplies,Binders,Trimflex Flexible Post Binders,8.552,2,0.8,-13.6832
8444,US-2016-155173,03-06-2016,03-10-2016,Standard Class,JB-16045,Julia Barnett,Home Office,United States,Philadelphia,Pennsylvania,19120,East,OFF-BI-10002982,Office Supplies,Binders,Avery Self-Adhesive Photo Pockets for Polaroid Photos,2.043,1,0.7,-1.4982
8455,CA-2016-125087,4/18/2016,4/23/2016,Standard Class,TH-21115,Thea Hudgings,Corporate,United States,Houston,Texas,77070,Central,FUR-FU-10004748,Furniture,Furnishings,"Howard Miller 16"" Diameter Gallery Wall Clock",127.88,5,0.6,-67.137
8458,US-2017-118556,5/28/2017,06-02-2017,Second Class,TH-21235,Tiffany House,Corporate,United States,Chicago,Illinois,60653,Central,OFF-BI-10004364,Office Supplies,Binders,Storex Dura Pro Binders,3.564,3,0.8,-6.237
8459,CA-2014-126200,8/25/2014,8/29/2014,Standard Class,JE-15715,Joe Elijah,Consumer,United States,Houston,Texas,77070,Central,OFF-BI-10002133,Office Supplies,Binders,"Wilson Jones Elliptical Ring 3 1/2"" Capacity Binders, 800 sheets",25.68,3,0.8,-39.804
8460,CA-2014-126200,8/25/2014,8/29/2014,Standard Class,JE-15715,Joe Elijah,Consumer,United States,Houston,Texas,77070,Central,OFF-BI-10002225,Office Supplies,Binders,"Square Ring Data Binders, Rigid 75 Pt. Covers, 11"" x 14-7/8""",12.384,3,0.8,-19.8144
8475,CA-2017-169404,04-09-2017,4/14/2017,Standard Class,NC-18625,Noah Childs,Corporate,United States,York,Pennsylvania,17403,East,OFF-BI-10004492,Office Supplies,Binders,Tuf-Vin Binders,37.896,4,0.7,-29.0536
8495,CA-2015-109190,10/23/2015,10/28/2015,Standard Class,CC-12685,Craig Carroll,Consumer,United States,Lubbock,Texas,79424,Central,OFF-BI-10000977,Office Supplies,Binders,Ibico Plastic Spiral Binding Combs,6.08,1,0.8,-10.336
8506,CA-2016-130400,03-08-2016,03-12-2016,Standard Class,SJ-20125,Sanjit Jacobs,Home Office,United States,Dallas,Texas,75217,Central,OFF-BI-10001757,Office Supplies,Binders,Pressboard Hanging Data Binders for Unburst Sheets,8.856,9,0.8,-14.1696
8513,CA-2016-144645,02-02-2016,02-08-2016,Standard Class,NS-18640,Noel Staavos,Corporate,United States,Houston,Texas,77041,Central,FUR-FU-10003601,Furniture,Furnishings,"Deflect-o RollaMat Studded, Beveled Mat for Medium Pile Carpeting",73.784,2,0.6,-77.4732
8518,CA-2017-149720,06-04-2017,06-07-2017,Second Class,EM-14065,Erin Mull,Consumer,United States,Frisco,Texas,75034,Central,FUR-FU-10002501,Furniture,Furnishings,Nu-Dell Executive Frame,30.336,6,0.6,-17.4432
8527,CA-2017-161172,3/16/2017,3/16/2017,Same Day,SP-20920,Susan Pistek,Consumer,United States,Columbus,Ohio,43229,East,OFF-BI-10004654,Office Supplies,Binders,Avery Binding System Hidden Tab Executive Style Index Sets,5.193,3,0.7,-3.462
8537,CA-2015-157343,06-07-2015,06-11-2015,Standard Class,HD-14785,Harold Dahlen,Home Office,United States,Philadelphia,Pennsylvania,19143,East,OFF-BI-10003707,Office Supplies,Binders,Aluminum Screw Posts,18.312,4,0.7,-12.208
8562,CA-2016-132829,12/23/2016,12/26/2016,Second Class,LA-16780,Laura Armstrong,Corporate,United States,Houston,Texas,77041,Central,FUR-FU-10000206,Furniture,Furnishings,"GE General Purpose, Extra Long Life, Showcase & Floodlight Incandescent Bulbs",2.328,2,0.6,-0.7566
8564,US-2017-108315,4/30/2017,05-04-2017,Standard Class,MH-18115,Mick Hernandez,Home Office,United States,Sanford,Florida,32771,South,OFF-BI-10000822,Office Supplies,Binders,"Acco PRESSTEX Data Binder with Storage Hooks, Light Blue, 9 1/2"" X 11""",4.842,3,0.7,-3.5508
8581,CA-2014-130673,5/20/2014,5/22/2014,Second Class,MC-17590,Matt Collister,Corporate,United States,San Marcos,Texas,78666,Central,FUR-FU-10003489,Furniture,Furnishings,Contemporary Borderless Frame,10.332,3,0.6,-5.9409
8586,US-2017-132927,12-09-2017,12/15/2017,Standard Class,RD-19720,Roger Demir,Consumer,United States,Philadelphia,Pennsylvania,19134,East,OFF-BI-10001116,Office Supplies,Binders,"Wilson Jones 1"" Hanging DublLock Ring Binders",11.088,7,0.7,-8.1312
8621,US-2017-119319,11-06-2017,11-09-2017,Second Class,LC-17050,Liz Carlisle,Consumer,United States,Dallas,Texas,75217,Central,FUR-FU-10003878,Furniture,Furnishings,"Linden 10"" Round Wall Clock, Black",30.56,5,0.6,-19.864
8624,CA-2015-136147,11/13/2015,11/18/2015,Standard Class,FM-14380,Fred McMath,Consumer,United States,Miami,Florida,33178,South,OFF-BI-10004224,Office Supplies,Binders,Catalog Binders with Expanding Posts,121.104,6,0.7,-100.92
8633,CA-2016-107783,7/28/2016,7/29/2016,First Class,OT-18730,Olvera Toch,Consumer,United States,Bethlehem,Pennsylvania,18018,East,OFF-BI-10000545,Office Supplies,Binders,GBC Ibimaster 500 Manual ProClick Binding System,1369.764,6,0.7,-913.176
8641,US-2017-148551,01-12-2017,1/16/2017,Standard Class,DB-13120,David Bremer,Corporate,United States,Dallas,Texas,75217,Central,OFF-BI-10000545,Office Supplies,Binders,GBC Ibimaster 500 Manual ProClick Binding System,760.98,5,0.8,-1141.47
8642,CA-2017-147767,12-02-2017,12-02-2017,Same Day,SV-20935,Susan Vittorini,Consumer,United States,Peoria,Arizona,85345,West,OFF-BI-10001670,Office Supplies,Binders,Vinyl Sectional Post Binders,67.86,6,0.7,-45.24
8645,CA-2015-108259,11-08-2015,11/15/2015,Standard Class,NS-18640,Noel Staavos,Corporate,United States,Jacksonville,North Carolina,28540,South,OFF-BI-10000315,Office Supplies,Binders,Poly Designer Cover & Back,39.879,7,0.7,-29.2446
8650,CA-2016-164574,7/29/2016,08-03-2016,Standard Class,RH-19555,Ritsa Hightower,Consumer,United States,Charlotte,North Carolina,28205,South,OFF-BI-10002429,Office Supplies,Binders,"Premier Elliptical Ring Binder, Black",27.396,3,0.7,-20.0904
8659,CA-2016-168361,6/21/2016,6/25/2016,Standard Class,KB-16600,Ken Brennan,Corporate,United States,Chicago,Illinois,60623,Central,OFF-BI-10003727,Office Supplies,Binders,Avery Durable Slant Ring Binders With Label Holder,0.836,1,0.8,-1.3376
8662,CA-2015-131856,05-12-2015,5/17/2015,Standard Class,JG-15160,James Galang,Consumer,United States,Houston,Texas,77041,Central,FUR-FU-10000175,Furniture,Furnishings,DAX Wood Document Frame.,21.968,4,0.6,-15.9268
8677,CA-2017-163265,2/16/2017,2/21/2017,Standard Class,JS-16030,Joy Smith,Consumer,United States,Decatur,Illinois,62521,Central,FUR-FU-10004270,Furniture,Furnishings,"Executive Impressions 13"" Clairmont Wall Clock",7.692,1,0.6,-3.6537
8679,CA-2016-112739,09-02-2016,09-07-2016,Second Class,RD-19810,Ross DeVincentis,Home Office,United States,Houston,Texas,77070,Central,OFF-BI-10001132,Office Supplies,Binders,"Acco PRESSTEX Data Binder with Storage Hooks, Dark Blue, 9 1/2"" X 11""",8.608,8,0.8,-13.3424
8716,CA-2017-121678,11/16/2017,11/20/2017,Second Class,BM-11650,Brian Moss,Corporate,United States,Elyria,Ohio,44035,East,OFF-BI-10002949,Office Supplies,Binders,Prestige Round Ring Binders,1.824,1,0.7,-1.3984
8717,CA-2016-120824,06-12-2016,6/16/2016,Second Class,AW-10930,Arthur Wiediger,Home Office,United States,Houston,Texas,77070,Central,OFF-AP-10001242,Office Supplies,Appliances,APC 7 Outlet Network SurgeArrest Surge Protector,64.384,4,0.8,-160.96
8718,CA-2016-120824,06-12-2016,6/16/2016,Second Class,AW-10930,Arthur Wiediger,Home Office,United States,Houston,Texas,77070,Central,FUR-FU-10001424,Furniture,Furnishings,Dax Clear Box Frame,6.984,2,0.6,-4.5396
8723,CA-2016-120824,06-12-2016,6/16/2016,Second Class,AW-10930,Arthur Wiediger,Home Office,United States,Houston,Texas,77070,Central,OFF-BI-10001525,Office Supplies,Binders,"Acco Pressboard Covers with Storage Hooks, 14 7/8"" x 11"", Executive Red",1.524,2,0.8,-2.667
8738,CA-2017-161592,04-06-2017,04-10-2017,Standard Class,CS-12175,Charles Sheldon,Corporate,United States,Chattanooga,Tennessee,37421,South,OFF-BI-10003669,Office Supplies,Binders,3M Organizer Strips,8.1,5,0.7,-5.94
8755,CA-2017-152198,09-09-2017,09-10-2017,First Class,JD-16015,Joy Daniels,Consumer,United States,Toledo,Ohio,43615,East,OFF-BI-10003669,Office Supplies,Binders,3M Organizer Strips,4.86,3,0.7,-3.564
8756,CA-2017-152198,09-09-2017,09-10-2017,First Class,JD-16015,Joy Daniels,Consumer,United States,Toledo,Ohio,43615,East,OFF-BI-10001628,Office Supplies,Binders,"Acco Data Flex Cable Posts For Top & Bottom Load Binders, 6"" Capacity",6.258,2,0.7,-5.215
8766,CA-2015-107083,11/21/2015,11/27/2015,Standard Class,BB-11545,Brenda Bowman,Corporate,United States,Fort Worth,Texas,76106,Central,OFF-BI-10000756,Office Supplies,Binders,Storex DuraTech Recycled Plastic Frosted Binders,1.696,2,0.8,-2.544
8767,CA-2015-107083,11/21/2015,11/27/2015,Standard Class,BB-11545,Brenda Bowman,Corporate,United States,Fort Worth,Texas,76106,Central,OFF-AP-10004136,Office Supplies,Appliances,Kensington 6 Outlet SmartSocket Surge Protector,24.588,3,0.8,-67.617
8768,CA-2015-107083,11/21/2015,11/27/2015,Standard Class,BB-11545,Brenda Bowman,Corporate,United States,Fort Worth,Texas,76106,Central,OFF-BI-10002194,Office Supplies,Binders,Cardinal Hold-It CD Pocket,7.98,5,0.8,-13.167
8777,CA-2016-102813,07-02-2016,07-03-2016,First Class,EA-14035,Erin Ashbrook,Corporate,United States,Huntsville,Texas,77340,Central,FUR-CH-10000665,Furniture,Chairs,"Global Airflow Leather Mesh Back Chair, Black",528.43,5,0.7,0.0
8808,US-2017-110646,10/26/2017,10/31/2017,Standard Class,JF-15190,Jamie Frazer,Consumer,United States,Philadelphia,Pennsylvania,19134,East,OFF-BI-10004330,Office Supplies,Binders,"GBC Velobind Prepunched Cover Sets, Regency Series",33.282,3,0.7,-27.735
8822,CA-2017-100622,11-03-2017,11-07-2017,Standard Class,DK-13090,Dave Kipp,Consumer,United States,Orlando,Florida,32839,South,OFF-BI-10002982,Office Supplies,Binders,Avery Self-Adhesive Photo Pockets for Polaroid Photos,4.086,2,0.7,-2.9964
8845,CA-2017-156664,12/18/2017,12/23/2017,Standard Class,BP-11290,Beth Paige,Consumer,United States,Columbus,Ohio,43229,East,OFF-BI-10004209,Office Supplies,Binders,"Fellowes Twister Kit, Gray/Clear, 3/pkg",7.236,3,0.7,-6.03
8851,CA-2015-140718,07-02-2015,07-04-2015,First Class,FA-14230,Frank Atkinson,Corporate,United States,Raleigh,North Carolina,27604,South,OFF-BI-10004728,Office Supplies,Binders,Wilson Jones Turn Tabs Binder Tool for Ring Binders,2.892,2,0.7,-2.3136
8873,US-2014-105137,10-10-2014,10-10-2014,Same Day,RB-19435,Richard Bierner,Consumer,United States,Columbus,Ohio,43229,East,TEC-MA-10002694,Technology,Machines,Hewlett-Packard Deskjet F4180 All-in-One Color Ink-jet - Printer / copier / scanner,101.994,2,0.7,-71.3958
8874,US-2014-105137,10-10-2014,10-10-2014,Same Day,RB-19435,Richard Bierner,Consumer,United States,Columbus,Ohio,43229,East,OFF-BI-10002429,Office Supplies,Binders,"Premier Elliptical Ring Binder, Black",18.264,2,0.7,-13.3936
8875,CA-2017-142489,11/14/2017,11/16/2017,Second Class,TC-21295,Toby Carlisle,Consumer,United States,Houston,Texas,77095,Central,OFF-BI-10003684,Office Supplies,Binders,Wilson Jones Legal Size Ring Binders,21.99,5,0.8,-32.985
8877,US-2016-141264,8/13/2016,8/19/2016,Standard Class,CT-11995,Carol Triggs,Consumer,United States,Irving,Texas,75061,Central,OFF-AP-10002534,Office Supplies,Appliances,3.6 Cubic Foot Counter Height Office Refrigerator,58.924,1,0.8,-153.2024
8885,CA-2014-107398,8/25/2014,8/30/2014,Standard Class,BS-11590,Brendan Sweed,Corporate,United States,Columbus,Ohio,43229,East,OFF-BI-10001982,Office Supplies,Binders,Wilson Jones Custom Binder Spines & Labels,6.528,4,0.7,-4.5696
8886,CA-2014-107398,8/25/2014,8/30/2014,Standard Class,BS-11590,Brendan Sweed,Corporate,United States,Columbus,Ohio,43229,East,OFF-BI-10004141,Office Supplies,Binders,Insertable Tab Indexes For Data Binders,2.862,3,0.7,-2.2896
8887,CA-2014-107398,8/25/2014,8/30/2014,Standard Class,BS-11590,Brendan Sweed,Corporate,United States,Columbus,Ohio,43229,East,OFF-BI-10002103,Office Supplies,Binders,"Cardinal Slant-D Ring Binder, Heavy Gauge Vinyl",20.856,8,0.7,-16.6848
8901,CA-2016-150483,5/31/2016,06-04-2016,Standard Class,BP-11290,Beth Paige,Consumer,United States,Decatur,Illinois,62521,Central,FUR-FU-10001379,Furniture,Furnishings,"Executive Impressions 16-1/2"" Circular Wall Clock",32.064,3,0.6,-12.8256
8903,CA-2016-150483,5/31/2016,06-04-2016,Standard Class,BP-11290,Beth Paige,Consumer,United States,Decatur,Illinois,62521,Central,FUR-CH-10000422,Furniture,Chairs,Global Highback Leather Tilter in Burgundy,0.0,3,0.3,-38.2158
8913,CA-2017-102610,11-04-2017,11-08-2017,Standard Class,CA-12265,Christina Anderson,Consumer,United States,Chattanooga,Tennessee,37421,South,OFF-BI-10004364,Office Supplies,Binders,Storex Dura Pro Binders,3.564,2,0.7,-2.97
8916,US-2016-144057,05-09-2016,5/13/2016,Standard Class,CV-12805,Cynthia Voltz,Corporate,United States,Austin,Texas,78745,Central,OFF-BI-10002852,Office Supplies,Binders,Ibico Standard Transparent Covers,13.184,4,0.8,-20.4352
8917,US-2016-144057,05-09-2016,5/13/2016,Standard Class,CV-12805,Cynthia Voltz,Corporate,United States,Austin,Texas,78745,Central,OFF-AP-10000390,Office Supplies,Appliances,Euro Pro Shark Stick Mini Vacuum,48.784,4,0.8,-131.7168
8919,US-2016-144057,05-09-2016,5/13/2016,Standard Class,CV-12805,Cynthia Voltz,Corporate,United States,Austin,Texas,78745,Central,OFF-BI-10002353,Office Supplies,Binders,GBC VeloBind Cover Sets,18.528,6,0.8,-27.792
8924,CA-2017-133928,06-11-2017,6/17/2017,Standard Class,ZC-21910,Zuschuss Carroll,Consumer,United States,Hickory,North Carolina,28601,South,OFF-BI-10001525,Office Supplies,Binders,"Acco Pressboard Covers with Storage Hooks, 14 7/8"" x 11"", Executive Red",4.572,4,0.7,-3.81
8926,CA-2016-168032,1/30/2016,02-03-2016,Standard Class,DF-13135,David Flashing,Consumer,United States,Rockford,Illinois,61107,Central,OFF-BI-10000546,Office Supplies,Binders,Avery Durable Binders,1.728,3,0.8,-2.6784
8942,CA-2016-159023,11-03-2016,11-05-2016,First Class,NW-18400,Natalie Webber,Consumer,United States,Portland,Oregon,97206,West,OFF-BI-10002813,Office Supplies,Binders,Avery Reinforcements for Hole-Punch Pages,4.158,7,0.7,-3.465
8943,CA-2016-159023,11-03-2016,11-05-2016,First Class,NW-18400,Natalie Webber,Consumer,United States,Portland,Oregon,97206,West,TEC-MA-10003337,Technology,Machines,Okidata B401 Printer,179.991,3,0.7,-251.9874
8947,CA-2017-148355,12/24/2017,12/28/2017,Standard Class,NC-18535,Nick Crebassa,Corporate,United States,New Bedford,Massachusetts,2740,East,OFF-PA-10001972,Office Supplies,Paper,Xerox 214,19.44,0,0.0,9.3312
8960,CA-2017-150266,11/25/2017,11/30/2017,Standard Class,RO-19780,Rose O'Brian,Consumer,United States,Houston,Texas,77070,Central,OFF-AP-10002867,Office Supplies,Appliances,Fellowes Command Center 5-outlet power strip,67.84,5,0.8,-179.776
8966,CA-2017-106691,11-06-2017,11-12-2017,Standard Class,CC-12370,Christopher Conant,Consumer,United States,Houston,Texas,77070,Central,OFF-BI-10000145,Office Supplies,Binders,Zipper Ring Binder Pockets,1.248,2,0.8,-1.9344
8978,CA-2017-156622,11/23/2017,11/26/2017,First Class,JP-15460,Jennifer Patt,Corporate,United States,Dallas,Texas,75220,Central,OFF-BI-10003707,Office Supplies,Binders,Aluminum Screw Posts,6.104,2,0.8,-9.156
8980,CA-2015-150413,10/19/2015,10/24/2015,Second Class,CS-11860,Cari Schnelling,Consumer,United States,Dallas,Texas,75220,Central,OFF-BI-10000404,Office Supplies,Binders,Avery Printable Repositionable Plastic Tabs,1.72,1,0.8,-2.838
8981,CA-2014-108182,02-06-2014,02-10-2014,Second Class,DL-13315,Delfina Latchford,Consumer,United States,Romeoville,Illinois,60441,Central,OFF-BI-10001196,Office Supplies,Binders,"Avery Flip-Chart Easel Binder, Black",8.952,2,0.8,-14.7708
8982,CA-2016-110898,03-06-2016,03-12-2016,Standard Class,LC-16870,Lena Cacioppo,Consumer,United States,Chicago,Illinois,60623,Central,OFF-AP-10001626,Office Supplies,Appliances,"Commercial WindTunnel Clean Air Upright Vacuum, Replacement Belts, Filtration Bags",2.334,3,0.8,-6.3018
8983,CA-2016-110898,03-06-2016,03-12-2016,Standard Class,LC-16870,Lena Cacioppo,Consumer,United States,Chicago,Illinois,60623,Central,OFF-BI-10004656,Office Supplies,Binders,Peel & Stick Add-On Corner Pockets,1.728,4,0.8,-2.7648
8984,CA-2016-110898,03-06-2016,03-12-2016,Standard Class,LC-16870,Lena Cacioppo,Consumer,United States,Chicago,Illinois,60623,Central,FUR-FU-10003773,Furniture,Furnishings,Eldon Cleatmat Plus Chair Mats for High Pile Carpets,159.04,5,0.6,-194.824
8987,CA-2015-123092,12-03-2015,12-07-2015,Standard Class,JG-15115,Jack Garza,Consumer,United States,Jacksonville,North Carolina,28540,South,OFF-BI-10001718,Office Supplies,Binders,GBC DocuBind P50 Personal Binding Machine,95.97,5,0.7,-73.577
9001,CA-2014-133389,6/22/2014,6/22/2014,Same Day,TB-21280,Toby Braunhardt,Consumer,United States,Phoenix,Arizona,85023,West,OFF-BI-10001553,Office Supplies,Binders,SpineVue Locking Slant-D Ring Binders by Cardinal,8.226,3,0.7,-6.0324
9022,CA-2015-129525,11/15/2015,11/20/2015,Standard Class,VP-21760,Victoria Pisteka,Corporate,United States,Toledo,Ohio,43615,East,OFF-BI-10002133,Office Supplies,Binders,"Wilson Jones Elliptical Ring 3 1/2"" Capacity Binders, 800 sheets",166.92,13,0.7,-116.844
9035,CA-2015-148873,10-01-2015,10-05-2015,Standard Class,EM-13960,Eric Murdock,Consumer,United States,Quincy,Illinois,62301,Central,OFF-BI-10003196,Office Supplies,Binders,Accohide Poly Flexible Ring Binders,2.992,4,0.8,-4.488
9065,US-2014-151015,10/14/2014,10/20/2014,Standard Class,BD-11500,Bradley Drucker,Consumer,United States,Chicago,Illinois,60653,Central,OFF-BI-10000343,Office Supplies,Binders,"Pressboard Covers with Storage Hooks, 9 1/2"" x 11"", Light Blue",2.946,3,0.8,-4.8609
9076,US-2015-136259,11-05-2015,11-08-2015,First Class,CB-12415,Christy Brittain,Consumer,United States,Lakewood,Ohio,44107,East,OFF-BI-10000773,Office Supplies,Binders,Insertable Tab Post Binder Dividers,7.218,3,0.7,-5.5338
9087,CA-2016-143406,9/26/2016,9/30/2016,Standard Class,LR-17035,Lisa Ryan,Corporate,United States,Houston,Texas,77041,Central,OFF-AP-10001564,Office Supplies,Appliances,Hoover Commercial Lightweight Upright Vacuum with E-Z Empty Dirt Cup,93.032,2,0.8,-251.1864
9095,US-2015-132836,06-01-2015,06-05-2015,Standard Class,AJ-10945,Ashley Jarboe,Consumer,United States,Detroit,Michigan,48227,Central,OFF-BI-10004224,Office Supplies,Binders,Catalog Binders with Expanding Posts,0.0,6,0.0,181.656
9104,CA-2015-163181,11-07-2015,11-12-2015,Standard Class,AB-10105,Adrian Barton,Consumer,United States,Houston,Texas,77041,Central,FUR-FU-10000193,Furniture,Furnishings,Tenex Chairmats For Use with Hard Floors,64.96,5,0.6,-84.448
9105,CA-2015-163181,11-07-2015,11-12-2015,Standard Class,AB-10105,Adrian Barton,Consumer,United States,Houston,Texas,77041,Central,OFF-BI-10000474,Office Supplies,Binders,Avery Recycled Flexi-View Covers for Binding Systems,32.06,10,0.8,-51.296
9124,US-2016-158288,11/26/2016,11/28/2016,Second Class,EH-13945,Eric Hoffmann,Consumer,United States,Philadelphia,Pennsylvania,19120,East,OFF-BI-10003364,Office Supplies,Binders,Binding Machine Supplies,78.759,9,0.7,-57.7566
9125,CA-2016-128916,8/18/2016,8/20/2016,Second Class,MA-17560,Matt Abelman,Home Office,United States,Houston,Texas,77070,Central,FUR-FU-10001940,Furniture,Furnishings,Staple-based wall hangings,9.552,3,0.6,-3.8208
9126,CA-2016-128916,8/18/2016,8/20/2016,Second Class,MA-17560,Matt Abelman,Home Office,United States,Houston,Texas,77070,Central,FUR-FU-10000320,Furniture,Furnishings,OIC Stacking Trays,5.344,4,0.6,-2.1376
9129,US-2017-147655,09-04-2017,09-05-2017,First Class,AS-10045,Aaron Smayling,Corporate,United States,Redmond,Oregon,97756,West,OFF-BI-10002931,Office Supplies,Binders,"Avery Trapezoid Extra Heavy Duty 4"" Binders",88.074,7,0.7,-58.716
9138,CA-2014-123400,02-02-2014,02-09-2014,Standard Class,EB-13930,Eric Barreto,Consumer,United States,Saint Petersburg,Florida,33710,South,OFF-BI-10000666,Office Supplies,Binders,Surelock Post Binders,18.336,2,0.7,-12.224
9146,CA-2015-126970,9/20/2015,9/24/2015,Standard Class,TP-21130,Theone Pippenger,Consumer,United States,Naperville,Illinois,60540,Central,OFF-BI-10000138,Office Supplies,Binders,Acco Translucent Poly Ring Binders,2.808,3,0.8,-4.4928
9160,CA-2016-118934,08-09-2016,8/14/2016,Standard Class,GH-14410,Gary Hansen,Home Office,United States,Hendersonville,Tennessee,37075,South,OFF-BI-10003314,Office Supplies,Binders,Tuff Stuff Recycled Round Ring Binders,4.338,3,0.7,-3.0366
9161,CA-2016-118934,08-09-2016,8/14/2016,Standard Class,GH-14410,Gary Hansen,Home Office,United States,Hendersonville,Tennessee,37075,South,OFF-BI-10004465,Office Supplies,Binders,Avery Durable Slant Ring Binders,11.88,5,0.7,-7.92
9165,CA-2015-164007,06-08-2015,06-12-2015,Standard Class,MG-17695,Maureen Gnade,Consumer,United States,Chicago,Illinois,60610,Central,OFF-AP-10003849,Office Supplies,Appliances,Hoover Shoulder Vac Commercial Portable Vacuum,143.128,2,0.8,-393.602
9177,CA-2016-118178,3/19/2016,3/24/2016,Standard Class,CC-12610,Corey Catlett,Corporate,United States,Nashville,Tennessee,37211,South,OFF-BI-10001153,Office Supplies,Binders,Ibico Recycled Grain-Textured Covers,31.086,3,0.7,-20.724
9191,US-2015-130512,8/21/2015,8/25/2015,Standard Class,SM-20320,Sean Miller,Home Office,United States,Allentown,Pennsylvania,18103,East,OFF-BI-10004519,Office Supplies,Binders,GBC DocuBind P100 Manual Binding Machine,99.588,2,0.7,-82.99
9193,CA-2015-141810,11-02-2015,11-07-2015,Standard Class,BB-10990,Barry Blumstein,Corporate,United States,San Antonio,Texas,78207,Central,OFF-BI-10001524,Office Supplies,Binders,GBC Premium Transparent Covers with Diagonal Lined Pattern,29.372,7,0.8,-46.9952
9217,CA-2017-103765,11/24/2017,11/30/2017,Standard Class,JG-15310,Jason Gross,Corporate,United States,Odessa,Texas,79762,Central,OFF-AP-10002311,Office Supplies,Appliances,"Holmes Replacement Filter for HEPA Air Cleaner, Very Large Room, HEPA Filter",13.762,1,0.8,-24.7716
9222,CA-2017-103212,10/13/2017,10/14/2017,First Class,MH-18025,Michelle Huthwaite,Consumer,United States,Lafayette,Louisiana,70506,South,FUR-TA-10003473,Furniture,Tables,Bretford Rectangular Conference Table Tops,1504.52,0,0.0,346.0396
9224,CA-2017-121160,11-04-2017,11-04-2017,Same Day,FM-14290,Frank Merwin,Home Office,United States,Bryan,Texas,77803,Central,OFF-BI-10001308,Office Supplies,Binders,GBC Standard Plastic Binding Systems' Combs,7.536,6,0.8,-13.188
9225,CA-2017-121160,11-04-2017,11-04-2017,Same Day,FM-14290,Frank Merwin,Home Office,United States,Bryan,Texas,77803,Central,OFF-BI-10003094,Office Supplies,Binders,Self-Adhesive Ring Binder Labels,1.408,2,0.8,-2.3232
9226,CA-2017-121160,11-04-2017,11-04-2017,Same Day,FM-14290,Frank Merwin,Home Office,United States,Bryan,Texas,77803,Central,OFF-BI-10004040,Office Supplies,Binders,Wilson Jones Impact Binders,4.144,4,0.8,-6.4232
9232,CA-2014-148383,12/27/2014,12/31/2014,Standard Class,RP-19390,Resi Pölking,Consumer,United States,Phoenix,Arizona,85023,West,OFF-BI-10003650,Office Supplies,Binders,GBC DocuBind 300 Electric Binding Machine,946.764,6,0.7,-694.2936
9241,CA-2017-110310,10/27/2017,11-02-2017,Standard Class,NB-18655,Nona Balk,Corporate,United States,Tallahassee,Florida,32303,South,OFF-BI-10001097,Office Supplies,Binders,Avery Hole Reinforcements,5.607,3,0.7,-3.9249
9265,US-2017-128118,11/24/2017,12-01-2017,Standard Class,MY-17380,Maribeth Yedwab,Corporate,United States,Memphis,Tennessee,38109,South,OFF-BI-10000216,Office Supplies,Binders,"Mead 1st Gear 2"" Zipper Binder, Asst. Colors",11.673,3,0.7,-7.782
9279,CA-2017-122539,12-01-2017,12-05-2017,Standard Class,SC-20305,Sean Christensen,Consumer,United States,Philadelphia,Pennsylvania,19140,East,OFF-BI-10001759,Office Supplies,Binders,"Acco Pressboard Covers with Storage Hooks, 14 7/8"" x 11"", Dark Blue",8.001,7,0.7,-5.6007
9287,CA-2017-154011,6/19/2017,6/26/2017,Standard Class,DB-13270,Deborah Brumfield,Home Office,United States,Dallas,Texas,75081,Central,OFF-BI-10003166,Office Supplies,Binders,GBC Plasticlear Binding Covers,6.888,3,0.8,-11.0208
9293,CA-2017-124114,03-02-2017,03-02-2017,Same Day,RS-19765,Roland Schwarz,Corporate,United States,Waco,Texas,76706,Central,OFF-BI-10004022,Office Supplies,Binders,Acco Suede Grain Vinyl Round Ring Binder,0.556,1,0.8,-0.9452
9300,US-2015-163433,4/18/2015,4/22/2015,Second Class,MP-17965,Michael Paige,Corporate,United States,Mcallen,Texas,78501,Central,OFF-BI-10003676,Office Supplies,Binders,"GBC Standard Recycled Report Covers, Clear Plastic Sheets",4.312,2,0.8,-6.8992
9305,US-2015-163433,4/18/2015,4/22/2015,Second Class,MP-17965,Michael Paige,Corporate,United States,Mcallen,Texas,78501,Central,OFF-BI-10000320,Office Supplies,Binders,GBC Plastic Binding Combs,1.476,1,0.8,-2.2878
9322,US-2016-111563,11-04-2016,11-08-2016,Standard Class,SM-20005,Sally Matthias,Consumer,United States,Houston,Texas,77041,Central,FUR-FU-10002445,Furniture,Furnishings,"DAX Two-Tone Rosewood/Black Document Frame, Desktop, 5 x 7",11.376,3,0.6,-5.688
9323,US-2016-111563,11-04-2016,11-08-2016,Standard Class,SM-20005,Sally Matthias,Consumer,United States,Houston,Texas,77041,Central,FUR-FU-10000723,Furniture,Furnishings,"Deflect-o EconoMat Studded, No Bevel Mat for Low Pile Carpeting",66.112,4,0.6,-84.2928
9345,CA-2017-109085,2/17/2017,2/20/2017,First Class,CK-12325,Christine Kargatis,Home Office,United States,Troy,Ohio,45373,East,OFF-BI-10001525,Office Supplies,Binders,"Acco Pressboard Covers with Storage Hooks, 14 7/8"" x 11"", Executive Red",5.715,5,0.7,-4.7625
9410,US-2017-110149,12-10-2017,12/13/2017,First Class,WB-21850,William Brown,Consumer,United States,Philadelphia,Pennsylvania,19143,East,OFF-BI-10000014,Office Supplies,Binders,Heavy-Duty E-Z-D Binders,3.273,1,0.7,-2.5093
9414,CA-2016-132017,9/26/2016,9/27/2016,First Class,MH-17620,Matt Hagelstein,Corporate,United States,Houston,Texas,77041,Central,OFF-BI-10004001,Office Supplies,Binders,GBC Recycled VeloBinder Covers,6.816,2,0.8,-11.5872
9420,CA-2017-152926,10-02-2017,10-04-2017,Second Class,SC-20695,Steve Chapman,Corporate,United States,Houston,Texas,77041,Central,OFF-AP-10004708,Office Supplies,Appliances,Fellowes Superior 10 Outlet Split Surge Protector,15.224,2,0.8,-38.8212
9421,CA-2017-152926,10-02-2017,10-04-2017,Second Class,SC-20695,Steve Chapman,Corporate,United States,Houston,Texas,77041,Central,OFF-AP-10001947,Office Supplies,Appliances,Acco 6 Outlet Guardian Premium Plus Surge Suppressor,21.984,6,0.8,-56.0592
9437,CA-2015-160787,9/25/2015,9/25/2015,Same Day,BM-11785,Bryan Mills,Consumer,United States,Philadelphia,Pennsylvania,19143,East,OFF-BI-10003712,Office Supplies,Binders,"Acco Pressboard Covers with Storage Hooks, 14 7/8"" x 11"", Light Blue",2.946,2,0.7,-2.0622
9450,CA-2014-140032,09-08-2014,9/13/2014,Standard Class,TS-21340,Toby Swindell,Consumer,United States,San Francisco,California,94109,West,OFF-BI-10000822,Office Supplies,Binders,"Acco PRESSTEX Data Binder with Storage Hooks, Light Blue, 9 1/2"" X 11""",0.0,2,0.2,3.0128
9458,CA-2017-151855,5/27/2017,06-03-2017,Standard Class,BW-11110,Bart Watters,Corporate,United States,Greensboro,North Carolina,27405,South,OFF-BI-10004209,Office Supplies,Binders,"Fellowes Twister Kit, Gray/Clear, 3/pkg",12.06,5,0.7,-10.05
9477,CA-2015-100818,5/31/2015,06-05-2015,Second Class,JM-15265,Janet Molinari,Corporate,United States,Chicago,Illinois,60653,Central,FUR-FU-10002703,Furniture,Furnishings,"Tenex Traditional Chairmats for Hard Floors, Average Lip, 36"" x 48""",51.56,2,0.6,-61.872
9478,CA-2015-100818,5/31/2015,06-05-2015,Second Class,JM-15265,Janet Molinari,Corporate,United States,Chicago,Illinois,60653,Central,OFF-BI-10004364,Office Supplies,Binders,Storex Dura Pro Binders,3.564,3,0.8,-6.237
9480,CA-2014-126193,09-07-2014,9/14/2014,Standard Class,SS-20410,Shahid Shariari,Consumer,United States,Oswego,Illinois,60543,Central,OFF-BI-10001249,Office Supplies,Binders,Avery Heavy-Duty EZD View Binder with Locking Rings,3.828,3,0.8,-6.5076
9481,CA-2014-126193,09-07-2014,9/14/2014,Standard Class,SS-20410,Shahid Shariari,Consumer,United States,Oswego,Illinois,60543,Central,OFF-BI-10004632,Office Supplies,Binders,Ibico Hi-Tech Manual Binding System,304.99,5,0.8,-533.7325
9512,CA-2014-130575,12/14/2014,12/16/2014,First Class,CS-11845,Cari Sayre,Corporate,United States,Chicago,Illinois,60623,Central,OFF-BI-10002353,Office Supplies,Binders,GBC VeloBind Cover Sets,9.264,3,0.8,-13.896
9537,CA-2017-124191,06-12-2017,6/14/2017,Second Class,TS-21610,Troy Staebel,Consumer,United States,Chicago,Illinois,60610,Central,FUR-FU-10002364,Furniture,Furnishings,"Eldon Expressions Wood Desk Accessories, Oak",8.856,3,0.6,-6.8634
9543,CA-2015-135251,08-06-2015,08-10-2015,Standard Class,RP-19270,Rachel Payne,Corporate,United States,Houston,Texas,77095,Central,OFF-BI-10001097,Office Supplies,Binders,Avery Hole Reinforcements,6.23,5,0.8,-9.6565
9549,CA-2016-131744,6/18/2016,6/20/2016,Second Class,SC-20770,Stewart Carmichael,Corporate,United States,Philadelphia,Pennsylvania,19134,East,OFF-BI-10003910,Office Supplies,Binders,DXL Angle-View Binders with Locking Rings by Samsill,4.626,2,0.7,-3.855
9558,CA-2014-103086,10/17/2014,10/19/2014,Second Class,EB-14170,Evan Bailliet,Consumer,United States,Houston,Texas,77095,Central,FUR-FU-10004586,Furniture,Furnishings,G.E. Longer-Life Indoor Recessed Floodlight Bulbs,5.312,2,0.6,-1.5936
9563,CA-2016-129280,05-03-2016,05-05-2016,First Class,SM-20905,Susan MacKendrick,Consumer,United States,Newark,Ohio,43055,East,TEC-MA-10003589,Technology,Machines,Cisco 8961 IP Phone Charcoal,224.937,3,0.7,-164.9538
9567,CA-2014-130428,3/31/2014,3/31/2014,Same Day,TG-21640,Trudy Glocke,Consumer,United States,Tampa,Florida,33614,South,OFF-BI-10001636,Office Supplies,Binders,Ibico Plastic and Wire Spiral Binding Combs,12.645,5,0.7,-10.116
9570,CA-2015-113131,9/24/2015,9/24/2015,Same Day,MB-17305,Maria Bertelson,Consumer,United States,Columbus,Ohio,43229,East,OFF-BI-10003196,Office Supplies,Binders,Accohide Poly Flexible Ring Binders,6.732,6,0.7,-4.488
9591,CA-2014-119172,05-11-2014,5/15/2014,Standard Class,HD-14785,Harold Dahlen,Home Office,United States,Chicago,Illinois,60610,Central,OFF-BI-10002026,Office Supplies,Binders,Avery Arch Ring Binders,104.58,9,0.8,-172.557
9592,US-2016-105452,7/28/2016,08-01-2016,Standard Class,BF-11005,Barry Franz,Home Office,United States,Pasadena,Texas,77506,Central,FUR-FU-10003691,Furniture,Furnishings,"Eldon Image Series Desk Accessories, Ebony",24.7,5,0.6,-9.88
9593,US-2016-105452,7/28/2016,08-01-2016,Standard Class,BF-11005,Barry Franz,Home Office,United States,Pasadena,Texas,77506,Central,FUR-FU-10003806,Furniture,Furnishings,"Tenex Chairmat w/ Average Lip, 45"" x 53""",302.72,5,0.6,-378.4
9604,CA-2016-129861,6/17/2016,6/23/2016,Standard Class,DM-13345,Denise Monton,Corporate,United States,Rochester,New York,14609,East,FUR-TA-10003715,Furniture,Tables,Hon 2111 Invitation Series Corner Table,376.866,0,0.4,-213.5574
9624,CA-2017-137449,6/29/2017,6/30/2017,First Class,ME-17725,Max Engle,Consumer,United States,Dallas,Texas,75220,Central,OFF-AP-10000240,Office Supplies,Appliances,Belkin F9G930V10-GRY 9 Outlet Surge,21.392,2,0.8,-54.5496
9630,CA-2014-118192,1/13/2014,1/18/2014,Standard Class,MM-17920,Michael Moore,Consumer,United States,Newark,Ohio,43055,East,OFF-BI-10003476,Office Supplies,Binders,Avery Metallic Poly Binders,3.438,2,0.7,-2.5212
9647,US-2017-107979,06-08-2017,6/13/2017,Standard Class,FO-14305,Frank Olsen,Consumer,United States,Glendale,Arizona,85301,West,OFF-BI-10000778,Office Supplies,Binders,GBC VeloBinder Electric Binding Machine,72.588,2,0.7,-48.392
9655,CA-2017-161893,1/23/2017,1/27/2017,Standard Class,HP-14815,Harold Pawlan,Home Office,United States,Tucson,Arizona,85705,West,OFF-BI-10004506,Office Supplies,Binders,Wilson Jones data.warehouse D-Ring Binders with DublLock,4.938,2,0.7,-3.6212
9688,US-2017-130603,9/30/2017,10-06-2017,Standard Class,SC-20050,Sample Company A,Home Office,United States,Arlington,Texas,76017,Central,OFF-BI-10000301,Office Supplies,Binders,GBC Instant Report Kit,11.646,9,0.8,-17.469
9712,CA-2014-114251,11-05-2014,11-10-2014,Standard Class,MD-17350,Maribeth Dona,Consumer,United States,Philadelphia,Pennsylvania,19143,East,OFF-BI-10003684,Office Supplies,Binders,Wilson Jones Legal Size Ring Binders,13.194,2,0.7,-8.796
9748,US-2014-140914,11-11-2014,11/15/2014,Standard Class,BH-11710,Brosina Hoffman,Consumer,United States,Chicago,Illinois,60653,Central,FUR-FU-10000175,Furniture,Furnishings,DAX Wood Document Frame.,10.984,2,0.6,-7.9634
9775,CA-2014-169019,7/26/2014,7/30/2014,Standard Class,LF-17185,Luke Foster,Consumer,United States,San Antonio,Texas,78207,Central,OFF-BI-10004995,Office Supplies,Binders,GBC DocuBind P400 Electric Binding System,2177.584,8,0.8,-3701.8928
9776,CA-2014-169019,7/26/2014,7/30/2014,Standard Class,LF-17185,Luke Foster,Consumer,United States,San Antonio,Texas,78207,Central,FUR-FU-10004666,Furniture,Furnishings,DAX Clear Channel Poster Frame,17.496,3,0.6,-10.0602
9777,CA-2014-169019,7/26/2014,7/30/2014,Standard Class,LF-17185,Luke Foster,Consumer,United States,San Antonio,Texas,78207,Central,OFF-BI-10001524,Office Supplies,Binders,GBC Premium Transparent Covers with Diagonal Lined Pattern,16.784,4,0.8,-26.8544
9779,CA-2014-169019,7/26/2014,7/30/2014,Standard Class,LF-17185,Luke Foster,Consumer,United States,San Antonio,Texas,78207,Central,OFF-BI-10001679,Office Supplies,Binders,GBC Instant Index System for Binding Systems,8.88,5,0.8,-13.32
9780,CA-2014-169019,7/26/2014,7/30/2014,Standard Class,LF-17185,Luke Foster,Consumer,United States,San Antonio,Texas,78207,Central,OFF-AP-10003281,Office Supplies,Appliances,Acco 6 Outlet Guardian Standard Surge Suppressor,4.836,2,0.8,-12.09
9795,CA-2014-127166,5/21/2014,5/23/2014,Second Class,KH-16360,Katherine Hughes,Consumer,United States,Houston,Texas,77070,Central,OFF-BI-10000977,Office Supplies,Binders,Ibico Plastic Spiral Binding Combs,18.24,3,0.8,-31.008
9796,CA-2016-125920,5/21/2016,5/28/2016,Standard Class,SH-19975,Sally Hughsby,Corporate,United States,Chicago,Illinois,60610,Central,OFF-BI-10003429,Office Supplies,Binders,"Cardinal HOLDit! Binder Insert Strips,Extra Strips",3.798,3,0.8,-5.8869
9807,CA-2016-136322,10/21/2016,10/26/2016,Standard Class,AP-10720,Anne Pryor,Home Office,United States,Fort Lauderdale,Florida,33311,South,OFF-BI-10004817,Office Supplies,Binders,GBC Personal VeloBind Strips,28.752,8,0.7,-21.0848
9809,CA-2017-145093,7/21/2017,7/26/2017,Standard Class,PT-19090,Pete Takahito,Consumer,United States,Chicago,Illinois,60623,Central,OFF-BI-10001116,Office Supplies,Binders,"Wilson Jones 1"" Hanging DublLock Ring Binders",2.112,2,0.8,-3.3792
9810,US-2014-139640,11-07-2014,11-11-2014,Second Class,TB-21595,Troy Blackwell,Consumer,United States,Portland,Oregon,97206,West,OFF-PA-10000304,Office Supplies,Paper,Xerox 1995,25.92,0,0.2,9.072
9822,CA-2015-162201,06-08-2015,06-12-2015,Standard Class,AG-10495,Andrew Gjertsen,Corporate,United States,Saint Petersburg,Florida,33710,South,OFF-BI-10002429,Office Supplies,Binders,"Premier Elliptical Ring Binder, Black",18.264,2,0.7,-13.3936
9832,CA-2014-113257,12/16/2014,12/18/2014,Second Class,SC-20305,Sean Christensen,Consumer,United States,Beaumont,Texas,77705,Central,FUR-FU-10001706,Furniture,Furnishings,Longer-Life Soft White Bulbs,8.624,7,0.6,-2.5872
9835,CA-2016-126627,10-10-2016,10-12-2016,First Class,WB-21850,William Brown,Consumer,United States,La Porte,Texas,77571,Central,FUR-FU-10004963,Furniture,Furnishings,"Eldon 400 Class Desk Accessories, Black Carbon",14.0,4,0.6,-6.3
9836,CA-2016-126627,10-10-2016,10-12-2016,First Class,WB-21850,William Brown,Consumer,United States,La Porte,Texas,77571,Central,OFF-BI-10001597,Office Supplies,Binders,"Wilson Jones Ledger-Size, Piano-Hinge Binder, 2"", Blue",16.392,2,0.8,-26.2272
9845,CA-2014-163867,06-03-2014,06-06-2014,First Class,RE-19450,Richard Eichhorn,Consumer,United States,Decatur,Illinois,62521,Central,FUR-FU-10001475,Furniture,Furnishings,"Contract Clock, 14"", Brown",61.544,7,0.6,-40.0036
9870,CA-2014-114195,11-01-2014,11-03-2014,First Class,EA-14035,Erin Ashbrook,Corporate,United States,Mason,Ohio,45040,East,OFF-BI-10000494,Office Supplies,Binders,Acco Economy Flexible Poly Round Ring Binder,3.132,2,0.7,-2.61
9871,CA-2014-114195,11-01-2014,11-03-2014,First Class,EA-14035,Erin Ashbrook,Corporate,United States,Mason,Ohio,45040,East,OFF-BI-10001658,Office Supplies,Binders,GBC Standard Therm-A-Bind Covers,22.428,3,0.7,-17.9424
9878,US-2017-166324,4/20/2017,4/21/2017,First Class,BE-11455,Brad Eason,Home Office,United States,Cleveland,Ohio,44105,East,OFF-BI-10000174,Office Supplies,Binders,"Wilson Jones Clip & Carry Folder Binder Tool for Ring Binders, Clear",8.7,5,0.7,-6.38
9904,CA-2014-122609,11-12-2014,11/18/2014,Standard Class,DP-13000,Darren Powers,Consumer,United States,Carrollton,Texas,75007,Central,FUR-FU-10004587,Furniture,Furnishings,"GE General Use Halogen Bulbs, 100 Watts, 1 Bulb per Pack",25.128,3,0.6,-6.9102
9921,CA-2016-149272,3/15/2016,3/19/2016,Standard Class,MY-18295,Muhammed Yedwab,Corporate,United States,Bryan,Texas,77803,Central,OFF-BI-10004233,Office Supplies,Binders,"GBC Pre-Punched Binding Paper, Plastic, White, 8-1/2"" x 11""",22.386,7,0.8,-35.8176
9922,CA-2014-111360,11/24/2014,11/30/2014,Standard Class,AT-10435,Alyssa Tate,Home Office,United States,Akron,Ohio,44312,East,OFF-BI-10003350,Office Supplies,Binders,Acco Expandable Hanging Binders,5.742,3,0.7,-4.5936
9994,CA-2017-119914,05-04-2017,05-09-2017,Second Class,CC-12220,Chris Cortes,Consumer,United States,Westminster,California,92683,West,OFF-AP-10002684,Office Supplies,Appliances,"Acco 7-Outlet Masterpiece Power Center, Wihtout Fax/Phone Line Protection",0.0,2,0.0,72.948
